2856 4926
489 415 587 473 CA?-
629 415 667 478 V·
971 435 1108 486 xxxrrr

65 582 225 686 quamvis
247 605 328 656 non
350 603 493 680 negem,
518 579 558 653 in
575 597 653 652 tam
667 581 772 655 tenui
793 579 935 673 libello,
966 584 1104 686 inquo

65 709 301 784 adumbratur
326 703 473 800 potius,
508 727 618 800 quam
639 703 858 800 exprimitur
885 707 991 802 plena
1014 715 1106 784 Geo-

62 829 227 932 grephiae
247 827 392 925 imago,
418 827 483 924 qui
499 851 578 898 non
598 825 709 915 viria,
740 825 801 900 sed
816 827 1104 907 adolescentibus

62 955 211 1052 scriptus
235 949 402 1038 videtur,
432 947 579 1020 dicendi
606 971 723 1046 genua
744 947 912 1044 planius,
945 953 1104 1050 apertius

63 1093 96 1150 et
114 1073 264 1148 tenuius
286 1069 393 1144 facile
413 1067 602 1146 desiderari
623 1065 728 1165 posse

131 1318 306 1415 Denique
327 1339 423 1413 quae
438 1311 628 1414 singularia
644 1309 732 1384 libri
747 1311 816 1388 doa
832 1307 899 1402 est,
924 1315 1105 1396 taedium.

62 1465 128 1538 qne
140 1458 177 1512 et
190 1439 392 1511 satietatem
405 1435 611 1536 legentium
627 1435 790 1530 depellit,
815 1431 943 1527 effecit,
961 1458 1105 1524 aunon

61 1587 156 1634 mera
177 1561 320 1657 semper
339 1558 496 1632 nomina
515 1558 684 1632 locorum
704 1575 740 1628 et
760 1558 929 1655 gentium
945 1561 1107 1658 legeren-

62 1702 136 1772 tur,
162 1682 225 1756 sed
241 1699 278 1754 et
292 1705 414 1753 rerum
436 1676 637 1751 dulcissima
660 1678 898 1750 condimenta
921 1680 1108 1782 adsperge·

61 1825 196 1879 rentur.
264 1803 355 1902 Quia
378 1803 481 1874 enim
501 1797 566 1890 est,
600 1800 692 1900 quin
722 1801 885 1896 capiatur
906 1816 942 1873 et
964 1803 1107 1902 elegan-

62 1923 203 1998 tisfimis
223 1941 260 1995 et
284 1919 515 1997 vividiffimis
539 1921 755 2010 fluminum,
789 1939 998 2013 antrorum,
1032 1951 1109 2000 ma.

61 2049 234 2143 riumque
248 2041 581 2140 descriptionibus?
632 2049 751 2142 Quem
769 2067 846 2115 non
863 2045 1043 2118 delectent
1063 2049 1110 2123 de

1 2187 2 2214 ³
61 2195 184 2242 rerum
202 2165 504 2239 memorabilium
517 2161 640 2254 causta,
662 2162 725 2237 etfi
740 2165 972 2260 prolixiores,
997 2195 1108 2266 quam

61 2291 149 2363 libri
165 2287 360 2362 consilium
376 2285 469 2360 serre
483 2285 670 2375 videatur,
696 2287 982 2383 disputationes,
1009 2307 1046 2362 et
1062 2291 1110 2364 ad

61 2414 142 2485 Nisi
174 2409 409 2482 exuberantia
445 2406 569 2481 sontea
603 2407 904 2507 marinorumque
936 2429 1111 2486 motuum
1197 2408 1200 2419 ’

61 2529 362 2630 investigationes
394 2529 586 2602 lubentem
625 2527 839 2602 detineant?
891 2533 982 2628 Quia
1016 2529 1111 2606 fasti·

61 2656 142 2728 diat
174 2677 300 2725 rerum
332 2651 650 2739 memorabilium,
683 2653 866 2724 clarorum
898 2653 1111 2744 hominum,

62 2776 314 2860 conditorum,
339 2795 559 2870 pugnarum,
585 2771 824 2846 victoriarum
845 2773 1113 2846 mutationum·

60 2923 132 2996 que
152 2895 278 2968 ubivis
307 2894 502 2968 obviorum
530 2892 759 2983 notationes,
795 2917 864 2966 nec
892 2895 1015 2991 plurea
1037 2887 1147 2968 nte-⁸

60 3035 228 3093 moratas
257 3013 404 3113 cupiat?
452 3019 512 3088 Ex
537 3039 613 3112 quo
648 3039 725 3087 non
753 3033 889 3088 temere
911 3013 970 3106 ¹²⁰)
985 3017 1112 3088 Schot-

59 3157 122 3214 tus
155 3137 319 3210 iudicare
348 3133 515 3224 videtur,
550 3160 599 3208 no
631 3135 751 3233 ipsum
788 3136 938 3234 quidem
972 3137 1112 3210 Cicero·

60 3285 164 3349 uem,
189 3255 290 3350 ¹²¹)1i
309 3257 568 3354 Geographica,
595 3283 686 3355 quae
701 3255 886 3330 scribenda
903 3255 1112 3354 susceperat,

62 3377 287 3472 absolvisset,
314 3379 518 3479 elegantius
540 3377 759 3476 scripturum
780 3376 894 3450 fuisse.

107 3640 187 3716 rao)
207 3642 243 3695 In
259 3637 378 3717 pmsrt.
395 3608 399 3618 Ι
549 3636 623 3710 121)
647 3635 690 3694 Cf.
708 3635 742 3692 nd
756 3636 884 3700 Attico,
896 3643 922 3704 4.
938 3651 966 3692 et
980 3651 1008 3700 2,
1025 3651 1053 3704 7.
1068 3633 1110 3692 in.

114 4239 160 4298 De
179 4238 279 4317 Pomp.
296 4191 392 4299 Melas
