2856 4926
505 311 603 370 CAP.
643 311 724 372 Vll.
1083 321 1136 368 tv

89 499 127 550 ac
154 469 353 550 doctiffimi
381 475 548 550 Morallii
573 475 620 572 ad
649 501 711 550 me
743 471 854 550 milla.
896 477 1060 550 Manent
1085 467 1136 548 all

17 641 20 672 t
89 599 131 672 ab
155 598 278 672 lnlth·

158 765 333 846 Exfiabat
363 767 474 844 etiam
502 771 603 844 Mela
632 767 901 868 manuscriptae
931 769 974 842 in
998 762 1134 841 biblio·

86 893 187 966 theca
202 891 369 982 Pinellii,
403 892 504 990 quod
528 893 636 967 docat
659 892 846 992 catalogus
869 897 913 964 T.
932 913 966 980 3.
987 918 1023 991 p.
1045 909 1130 979 357.

86 1037 251 1109 n7931.
278 1016 343 1087 ubi
365 1011 412 1086 fic
432 1032 599 1089 notatur:
632 1020 672 1088 P.
692 1015 814 1086 Melae
837 1011 1131 1112 Cosmngraphia.

85 1131 164 1209 Post
195 1137 357 1209 eundem
389 1161 475 1210 com
511 1135 617 1210 sociis
647 1135 754 1210 libris
785 1135 827 1210 in
852 1135 1030 1236 Angliam
1061 1131 1132 1208 mi·

85 1255 191 1356 gralle
217 1258 355 1331 audivi.

154 1439 335 1534 Neapolis
356 1437 398 1510 in
417 1437 637 1510 bibliotheca
655 1431 1006 1535 Angtrhinionomm
1021 1441 1055 1512 S.
1071 1441 1130 1512 lo·
1290 1441 1295 1448 '

83 1559 186 1632 annis
216 1559 263 1630 ad
294 1559 551 1632 carbonariam
586 1556 740 1654 possidet
776 1559 959 1648 codicem,
993 1557 1129 1657 quiin

83 1680 204 1754 fronte
219 1679 379 1779 praefert
398 1680 693 1778 inscriptionem,
718 1685 845 1779 Pomp.
861 1681 984 1754 Melae
999 1676 1130 1754 delita

84 1803 178 1876 orbis
197 1801 289 1876 libri
308 1821 398 1890 trea,
424 1817 461 1874 et
480 1803 568 1874 hinc
588 1800 698 1874 verba
722 1800 887 1874 subiicit:
926 1801 1128 1901 Pomponii

12 1981 13 1986 ,
80 1927 178 1998 Male
195 1923 245 1996 de
258 1921 536 2021 Colmographia
555 1921 649 1996 libcr
663 1921 805 2020 primua
821 1922 963 2020 incipit.
1003 1923 1130 1998 Codex

82 2043 127 2120 eft
144 2045 448 2118 membranaceus
471 2045 511 2118 in
535 2042 630 2120 folio
651 2069 737 2119 cum
759 2045 890 2118 multis
911 2047 1011 2123 notia
1031 2070 1127 2122 mar·

80 2167 156 2266 gini
171 2165 375 2264 adscriptis,
392 2166 495 2258 (leni
510 2165 704 2258 Parrhasii)
725 2186 763 2240 ct
779 2167 946 2241 continet
959 2165 1050 2242 folia
1064 2191 1125 2244 aa.

80 2289 134 2363 ‚ld
154 2291 295 2361 calcem
317 2311 456 2360 nomen
479 2284 675 2384 pollclloria
697 2289 833 2387 legitur
855 2289 1011 2363 Antonii
1034 2291 1127 2364 Seri·

80 2411 188 2507 pandi
212 2436 259 2482 cx
283 2409 362 2483 lani
390 2405 566 2481 Parrhasii
588 2406 815 2484 testamento.
879 2415 964 2484 Hoc
986 2431 1125 2486 nomen

79 2556 209 2606 omnes
235 2530 311 2604 fare
332 2531 474 2607 codices
495 2530 730 2628 manuscripti
748 2531 859 2606 hoiua
882 2532 1127 2612 bibliothecae

79 2651 215 2728 lerunt.
250 2653 422 2728 Intellexi
442 2654 513 2730 hoc
527 2677 574 2724 ex
590 2650 706 2726 literis
719 2653 856 2726 Frider.
873 2653 1085 2754 Adclungii.

149 2841 380 2918 Bibliotheca
402 2843 515 2941 Regis
538 2842 680 2916 Daniaa
700 2840 816 2917 fervat
836 2841 1002 2916 codicem
1024 2845 1125 2918 char·
1210 2872 1215 2888 ·

78 2979 222 3039 taceam
240 2966 287 3037 ita
309 2981 496 3038 notatum:
535 2969 576 3037 P.
591 2966 713 3038 Melae
727 2965 773 3036 de
787 2961 858 3036 fitu
876 2965 976 3040 orbis
997 2965 1121 3056 libris

79 3109 139 3182 per
161 3087 350 3160 Victorem
373 3087 653 3184 Bergomeuscm
678 3086 832 3160 Guarini
855 3093 937 3160 Ver.
952 3087 1125 3178 (coensis)

79 3207 234 3280 oratoria
256 3203 395 3282 nostrae
421 3211 549 3282 aetatis
571 3205 754 3282 clariffimi
781 3208 1000 3304 discipulam
1022 3233 1123 3286 anno

82 3333 187 3421 1446.
215 3331 363 3402 exarati.
404 3326 519 3404 Testis
543 3328 617 3402 fuit
639 3329 827 3418 Suhmim,
852 3329 1121 3406 liberalillimua

79 3451 167 3522 clim
193 3451 386 3524 literarum
407 3451 448 3522 in
471 3452 590 3524 mains
621 3451 940 3550 provehendarum
964 3452 1122 3542 adiutor,

80 3571 229 3671 eiusque
257 3593 405 3647 auctore
432 3573 623 3671 Nyerupic
656 3571 702 3644 ad
729 3569 917 3646 me‘milla
948 3575 1123 3664 conlatio,

79 3716 167 3791 quac
187 3695 342 3792 puerilia
363 3695 464 3793 saepe
481 3693 650 3793 discipuli
672 3693 762 3773 vitia
779 3695 925 3767 adtulit.

148 3884 308 3959 Polonia
340 3883 433 3958 olim
464 3859 596 3958 iactare
624 3901 767 3982 poterat
800 3883 964 3958 codicem
988 3882 1030 3958 in
1056 3891 1122 3960 Za·

76 4003 234 4082 lufciana
258 4007 501 4098 bibliotheca,
531 4008 573 4082 in
594 4005 701 4083 cuiue
722 4007 833 4082 etiam
853 4008 1018 4106 catalogo
1037 4032 1121 4105 pro·
