2868 4930
217 409 219 414 '
331 423 479 479 axxxn
549 405 650 480 ‚nn
691 349 966 466 romanello
1009 403 1147 466 mm

337 573 588 676 diligantiffimos
601 577 705 664 pridie
719 598 824 646 nonos
839 575 1031 664 Septembres
1046 599 1132 643 anno
1149 567 1255 660 1'512.
1280 569 1361 649 lodo

334 723 424 774 vero
455 697 620 795 adparet,
656 720 721 768 eur
752 711 790 766 et
820 717 891 791 qun
921 693 1065 768 rationo
1090 697 1264 770 Camenis
1285 696 1364 768 haec

335 818 453 894 editio
477 817 690 914 adpelletur.
738 813 983 912 Amplectitm
1011 815 1227 913 plerumque
1255 839 1364 888 emen·

336 941 503 1014 dationes
525 934 716 1010 Hermolai
736 935 903 1024 Barbari.
935 935 1069 1032 dequo
1090 960 1136 1008 ex
1156 937 1364 1010 lectionibus

337 1062 494 1160 prolatis
517 1057 677 1130 iudicare
710 1055 805 1128 licet.
861 1057 1068 1156 Diligenter
1093 1081 1174 1131 eam
1199 1053 1366 1154 descripiit

337 1181 456 1255 Denie
478 1181 519 1252 in
538 1177 670 1252 Wiena
692 1173 1188 1252 Buchdrucker·Geichichte
1213 1204 1247 1274 p.
1265 1199 1305 1264 71
1320 1175 1365 1272 sq.

338 1303 406 1402 qui
428 1315 553 1398 putet,
575 1297 734 1394 primam
752 1293 817 1368 elle
831 1295 960 1370 saeculi
977 1303 1034 1372 16.
1063 1301 1124 1372 cui
1137 1301 1300 1397 proxima
1320 1321 1368 1370 re·

339 1436 527 1524 pugnent,
558 1414 639 1516 poll
657 1417 753 1514 Lipi.
776 1439 884 1505 1521.
906 1437 942 1512 4.
964 1419 1144 1494 redditam
1167 1447 1187 1492 a
1207 1421 1368 1494 Lothoro.

339 1555 400 1618 An
414 1565 503 1616 vero
518 1547 570 1612 lo.
585 1545 773 1612 camenus
793 1537 867 1634 (iic)
885 1539 996 1613 etiam
1011 1541 1143 1615 scholia
1158 1543 1204 1615 ed
1224 1551 1370 1636 Pompo·

338 1664 447 1742 nium
473 1662 613 1736 Melam
633 1655 826 1758 scripserit,
858 1685 1017 1758 quorum
1039 1664 1266 1738 mentionem
1293 1661 1373 1736 facit

340 1787 507 1860 Salvator
526 1783 571 1868 ιο)
584 1780 715 1856 Vitatis
733 1783 774 1853 in
797 1780 1025 1857 dedicatione
1043 1786 1246 1859 Annalium
1264 1780 1371 1858 Sardi·

341 1903 426 1980 niae
447 1902 495 1976 ad
515 1901 791 1976 Ferdinandum
818 1927 996 2002 magnum
1023 1905 1216 1976 Hetruriae
1239 1906 1372 1988 duoem,

340 2043 379 2100 et
398 2022 425 2098 fi
445 2020 599 2124 scripiit,
634 2047 682 2096 an
702 2022 802 2119 typis
826 2022 965 2100 fuerint
988 2025 1155 2125 vulgata,
1186 2025 1317 2125 ignoro
1341 2038 1375 2095 et

342 2143 486 2220 dubito.

599 2383 659 2434 oo.
720 2359 920 2436 Parisiis
951 2381 1058 2451 1513.
1090 2377 1126 2454 4.

420 2527 461 2594 Ρ.
484 2525 570 2594 Mela
593 2519 767 2622 scriptoris
797 2523 1029 2621 iueulmtiffrmi
1060 2530 1204 2593 maxima
1236 2549 1315 2593 erra
1337 2545 1376 2592 re·

343 2650 466 2736 cogniti
501 2639 768 2740 cosmographia.
840 2647 886 2714 In
916 2640 1040 2716 fronte
1073 2645 1236 2717 cernitur
1267 2641 1378 2740 figura

343 2765 449 2864 ligno
468 2759 597 2852 incisa,
627 2760 670 2834 in
691 2785 769 2858 qua
795 2762 916 2834 media
938 2764 1112 2859 adparent
1139 2764 1267 2838 literae
1288 2767 1378 2836 La.

343 2883 441 2958 infra
462 2883 577 2956 lohan
599 2879 696 2954 Petit
717 2880 871 2980 logicum
904 2902 1065 2958 extrema
1088 2887 1221 2982 pagine
1244 2891 1380 2956 omnum

347 3010 437 3092 apua
456 3012 612 3074 Ioannem
628 3029 766 3091 parvum
787 3013 918 3094 reperies
938 3013 974 3074 ira
995 3015 1066 3076 vieo
1086 3014 1174 3078 Divi
1192 3011 1309 3076 Iacchi
1321 3002 1382 3104 snb

345 3130 434 3196 Lilio
454 3151 558 3194 aureo.
617 3124 717 3194 Hinc
745 3121 906 3219 sequitur
930 3123 1111 3199 dedicatio
1135 3125 1191 3198 hia
1212 3126 1384 3222 inscripta

345 3241 486 3316 verbio:
519 3245 595 3312 liber
612 3249 652 3314 P.
668 3249 810 3314 Phoenix
823 3255 987 3316 Amanaeo
1001 3250 1140 3346 Foaeenfl
1158 3253 1382 3334 protonotario

348 3365 542 3462 Candalmfi
563 3390 659 3454 quom
686 3364 883 3464 illustnffnnc
905 3375 953 3436 Ae
974 3376 1058 3455 regis
1074 3373 1249 3436 Navarra
1277 3369 1384 3456 nepoti

346 3491 381 3556 S.
402 3491 444 3554 P.
464 3489 515 3552 D.
546 3483 823 3557 Fertautemin
837 3484 1032 3576 aliishaec,
1054 3496 1105 3558 Io.
1121 3495 1265 3556 Parvum
1280 3490 1384 3556 biblio·

344 3609 454 3692 polam
474 3605 520 3671 od
533 3599 574 3700 se
594 3603 709 3702 mififfa
729 3611 851 3674 Melam
874 3612 1010 3676 lacerum
1028 3627 1060 3678 ot
1081 3635 1246 3687 maneum,
1274 3627 1331 3687 ut,
1351 3607 1386 3704 fi

323 3743 411 3792 'non
441 3729 572 3792 omnino
596 3721 715 3822 sanari
743 3721 862 3822 postet,
899 3731 1021 3797 voleret
1057 3735 1226 3820 aliquanto
1266 3733 1384 3808 maliet.

346 3847 465 3916 Tum:
505 3851 691 3933 lieeogrrooi
709 3851 852 3938 qnidam.
885 3873 950 3918 non
970 3849 1063 3954 quast
1082 3875 1140 3941 prr
1167 3845 1385 3950 Transmonte

389 4095 444 4174 ro)
462 4093 644 4175 Reicitur.
664 4096 783 4158 Siciliae
803 4097 873 4179 Vol
898 4109 947 4172 ³5·
