2856 4926
313 419 475 472 mun
579 383 643 458 bu
684 395 956 456 nonnemo
1000 385 1133 456 unul

183 579 188 596 '
311 573 454 664 ¹autlmr)
475 565 631 656 inducit,
653 563 858 638 subiunctis
873 563 957 636 eliis
973 559 1151 636 similibus
1166 579 1355 660 poetarum

313 693 424 768 locis.
484 687 652 778 Deinde,
692 685 793 784 quod
826 683 1077 784 gravillimum
1111 701 1149 758 et
1183 683 1356 758 difficilli-

315 839 424 892 mum
440 812 569 898 inctnt,
595 808 641 882 de
662 807 933 882 emendationis
956 831 1042 880 cura
1059 806 1220 879 adbibita
1241 807 1357 902 loqui·

316 955 389 1012 tur.
441 931 579 1027 Scripta
599 927 648 1003 eli
669 927 854 1002 Perrhiliis
879 927 968 1022 (fic)
992 935 1054 1001 Vl.
1076 935 1147 1002 No.
1167 930 1354 1002 Decembr.

316 1057 590 1134 Mcccccvn.
634 1050 748 1125 Vetba
768 1067 890 1124 textus
905 1050 957 1122 lut
979 1051 1182 1124 luculenter
1197 1051 1281 1124 lunt
1301 1075 1357 1123 ex·

317 1175 446 1278 prelia,
472 1191 596 1247 textus
611 1171 685 1268 ipse
700 1171 739 1242 in
757 1171 913 1267 capitula
931 1173 1089 1262 divisus,
1115 1199 1274 1270 quorum
1295 1197 1358 1244 uu·

318 1323 441 1376 meroe
474 1317 602 1394 mergo
637 1291 800 1390 adponit.
849 1292 959 1366 Liber
980 1301 1008 1367 1.
1041 1295 1153 1368 babet
1185 1295 1298 1390 capita
1325 1315 1357 1382 7.

318 1427 367 1496 ΙΙ.
386 1439 419 1507 5.
445 1423 510 1490 111.
528 1433 564 1508 4.
600 1413 750 1488 Adiecta
764 1414 849 1488 sunt
867 1440 991 1492 rerum
1010 1418 1199 1513 potiorum
1215 1414 1358 1500 indicia,

319 1543 562 1640 adtinguntut
586 1535 699 1610 etiem
720 1537 911 1608 Hermolui
932 1540 1080 1613 Barbari
1108 1539 1360 1621 correctiones,

320 1639 545 1764 quibusdem
559 1657 652 1731 locis
667 1680 743 1730 vox
763 1665 895 1728 attende
911 1655 960 1732 est
979 1658 1150 1759 adpulitn.
1203 1669 1359 1733 Textum

320 1785 459 1884 excipit
484 1780 606 1854 brevis
634 1772 782 1876 epistole
804 1780 850 1851 ed
870 1781 1030 1855 eundem
1054 1784 1299 1856 Philibertum
1319 1779 1360 1849 de

319 1909 424 1984 Mela
441 1899 645 1988 emendam,
667 1899 795 1995 scripta
810 1906 960 2002 Parnfils
976 1911 1074 1975 Nono
1094 1912 1226 1977 Culmd.
1245 1916 1360 1973 Ianua·

320 2039 388 2102 rias
410 2044 447 2099 et
464 2021 662 2098 interiectis
682 2023 807 2118 paucis
833 2021 992 2096 verfibus
1013 2025 1127 2098 index
1147 2027 1187 2100 in
1211 2027 1358 2099 Melam.

222 2247 224 2254 y
319 2155 365 2224 ln
389 2147 464 2220 line
485 2161 663 2218 notentur
684 2141 774 2215 vitia
797 2147 1079 2242 typographica,
1122 2145 1187 2220 eui
1204 2147 1360 2246 plurima

322 2268 453 2350 desunt
475 2261 610 2340 omiffa.
662 2263 830 2336 Tandem
853 2267 941 2338 baec
965 2271 1157 2366 leguntur:
1197 2285 1293 2340 Anno
1314 2305 1360 2322 -·

230 2495 231 2506 ἵ
321 2393 476 2466 MDvn
495 2392 616 2456 decium
632 2392 683 2456 die
695 2395 843 2456 Ianuarii
864 2391 1052 2489 impreffum
1068 2397 1114 2493 est
1130 2399 1190 2464 bne
1211 2417 1292 2478 opus
1308 2413 1359 2478 per

321 2519 476 2603 Egidium
497 2515 679 2578 Bituricum
702 2508 932 2607 ddigmtifflme
959 2522 1152 2602 recognitum
1181 2511 1357 2612 Parrbifiis·

323 2632 457 2732 quibus
480 2630 604 2704 verbis
626 2629 782 2702 subiecta
809 2627 856 2702 est
877 2629 1000 2706 tabule
1030 2634 1135 2733 ligno
1159 2632 1290 2709 incisa.
1321 2630 1359 2700 in

322 2778 394 2854 qua
414 2750 543 2825 infima
563 2752 669 2822 habet
707 2757 800 2821 Gilia
826 2757 865 2820 de
891 2775 1072 2840 gourmont.
1123 2759 1225 2827 Haec
1250 2752 1359 2826 editio

321 2877 430 2950 scatet
450 2873 553 2947 vitiis
580 2889 617 2944 et
638 2871 839 2960 erroribus,
873 2898 1032 2968 quorum
1060 2899 1194 2971 parvus
1219 2893 1359 2947 tentum

321 3019 498 3074 numerus
525 2995 570 3064 ed
593 2994 680 3066 libri
707 2995 840 3066 calcem
860 2995 1062 3084 indicatur,
1102 2995 1142 3068 in
1171 2997 1300 3094 primis
1322 2992 1359 3062 in

321 3119 494 3216 scriptura
516 3116 690 3186 locorum
712 3116 823 3187 etiam
848 3113 1120 3190 notiffimorum
1143 3121 1268 3190 onmia
1291 3115 1360 3188 lere

322 3251 612 3333 corrumpuntur
649 3252 686 3308 et
714 3234 921 3310 miscentur.
985 3247 1035 3310 Αι
1064 3239 1185 3312 reddit
1220 3256 1360 3310 tantum

321 3387 400 3437 nou
424 3358 465 3430 iu
487 3357 679 3445 omnibus,
710 3358 766 3429 uti
788 3383 834 3428 ex
856 3361 1148 3457 comparatione,
1180 3363 1285 3434 cuius
1305 3383 1359 3431 eo·

320 3483 422 3582 piam
460 3477 595 3552 fecerat
627 3479 849 3553 bibliotheca
888 3483 1106 3557 Electoralis
1142 3477 1358 3566 Dresdensu,

321 3601 508 3689 intellexi,
541 3599 744 3672 editionem
772 3602 876 3672 illam
916 3601 1219 3698 antiquissummn,
1253 3625 1358 3702 quem

322 3727 426 3822 supra
445 3723 569 3820 primo
588 3723 672 3793 loco
688 3721 807 3818 posui,
837 3725 886 3795 ita
909 3724 1074 3820 quidem,
1107 3743 1148 3796 ut
1164 3724 1358 3826 infigniom

322 3845 499 3946 quaedam
518 3841 597 3917 eius
618 3843 709 3914 vitia
734 3847 918 3934 emendet,
944 3844 1008 3919 etfi
1027 3848 1114 3919 haec
1135 3849 1230 3920 bona
1254 3843 1357 3921 novis

322 3965 476 4040 subinde
493 3963 678 4060 deprimit.
729 3969 773 4037 In
789 3965 869 4039 aliis
885 3985 1007 4039 tamen
1025 3986 1149 4040 contra
1172 3970 1357 4066 discrepat,

38 4109 44 4176 ξ
154 4011 360 4184 χει-
378 4084 693 4188 Mediolunensem
712 4103 820 4179 1471.
846 4087 983 4170 reddit,
1019 4089 1076 4162 uti
1089 4091 1228 4191 conligi
1247 4083 1357 4192 potest

18 4213 52 4282 l
