<?xml version="1.0" encoding="UTF-8"?>
<!DOCTYPE html PUBLIC "-//W3C//DTD XHTML 1.0 Transitional//EN"
    "http://www.w3.org/TR/xhtml1/DTD/xhtml1-transitional.dtd">
<html xmlns="http://www.w3.org/1999/xhtml" xml:lang="en" lang="en">
 <head>
  <title>
</title>
<meta http-equiv="Content-Type" content="text/html;charset=utf-8" />
  <meta name='ocr-system' content='tesseract 3.04.00' />
  <meta name='ocr-capabilities' content='ocr_page ocr_carea ocr_par ocr_line ocrx_word'/>
</head>
<body>
  <div class='ocr_page' id='page_1' title='image "./pomponiimelaede01melagoog_0244.png"; bbox 0 0 2816 4920; ppageno 0'>
   <div class='ocr_carea' id='block_1_1' title="bbox 330 375 1065 462">
    <p class='ocr_par' dir='ltr' id='par_1_1' title="bbox 330 375 1065 462">
     <span class='ocr_line' id='line_1_1' title="bbox 330 375 1065 462; baseline 0.004 -25"><span class='ocrx_word' id='word_1_1' title='bbox 330 388 373 462; x_wconf 71' lang='grc'><strong>74</strong></span> <span class='ocrx_word' id='word_1_2' title='bbox 591 375 854 440; x_wconf 73' lang='lat' dir='ltr'><strong>romromr</strong></span> <span class='ocrx_word' id='word_1_3' title='bbox 897 375 1065 440; x_wconf 66' lang='lat' dir='ltr'><strong>Mum</strong></span> 
     </span>
    </p>
   </div>
   <div class='ocr_carea' id='block_1_2' title="bbox 186 543 1370 4160">
    <p class='ocr_par' dir='ltr' id='par_1_2' title="bbox 186 543 1370 4160">
     <span class='ocr_line' id='line_1_2' title="bbox 333 543 1329 654; baseline -0.004 -25"><span class='ocrx_word' id='word_1_4' title='bbox 333 547 445 654; x_wconf 89' lang='lat' dir='ltr'><strong>quod</strong></span> <span class='ocrx_word' id='word_1_5' title='bbox 465 549 510 626; x_wconf 92' lang='lat' dir='ltr'><strong>in</strong></span> <span class='ocrx_word' id='word_1_6' title='bbox 529 549 680 628; x_wconf 79' lang='lat' dir='ltr'><strong>ltaliam</strong></span> <span class='ocrx_word' id='word_1_7' title='bbox 700 573 867 653; x_wconf 79' lang='lat' dir='ltr'><strong>vergens</strong></span> <span class='ocrx_word' id='word_1_8' title='bbox 886 550 1038 652; x_wconf 83' lang='lat' dir='ltr'><strong>Scyllae</strong></span> <span class='ocrx_word' id='word_1_9' title='bbox 1054 545 1257 630; x_wconf 83' lang='lat' dir='ltr'><strong>adversum</strong></span> <span class='ocrx_word' id='word_1_10' title='bbox 1273 543 1329 626; x_wconf 73' lang='lat' dir='ltr'><strong>est.</strong></span> 
     </span>
     <span class='ocr_line' id='line_1_3' title="bbox 334 683 1332 788; baseline -0.006 -22"><span class='ocrx_word' id='word_1_11' title='bbox 334 683 460 766; x_wconf 87' lang='lat' dir='ltr'><strong>Causa</strong></span> <span class='ocrx_word' id='word_1_12' title='bbox 480 686 657 764; x_wconf 78' lang='lat' dir='ltr'><strong>nominis</strong></span> <span class='ocrx_word' id='word_1_13' title='bbox 679 687 862 777; x_wconf 77' lang='lat' dir='ltr'><strong>Pelorus,</strong></span> <span class='ocrx_word' id='word_1_14' title='bbox 890 685 1149 788; x_wconf 84' lang='lat' dir='ltr'><strong>gubernator,</strong></span> <span class='ocrx_word' id='word_1_15' title='bbox 1176 685 1222 762; x_wconf 83' lang='lat' dir='ltr'><strong>ab</strong></span> <span class='ocrx_word' id='word_1_16' title='bbox 1240 687 1332 760; x_wconf 85' lang='lat' dir='ltr'><strong>llan-</strong></span> 
     </span>
     <span class='ocr_line' id='line_1_4' title="bbox 337 817 1334 922; baseline -0.009 -20"><span class='ocrx_word' id='word_1_17' title='bbox 337 821 471 902; x_wconf 87' lang='lat' dir='ltr'><strong>nibale</strong></span> <span class='ocrx_word' id='word_1_18' title='bbox 492 818 643 899; x_wconf 84' lang='lat' dir='ltr'>ibidem</span> <span class='ocrx_word' id='word_1_19' title='bbox 667 817 871 912; x_wconf 66' lang='lat' dir='ltr'><strong>conditum</strong></span> <span class='ocrx_word' id='word_1_20' title='bbox 909 845 1033 922; x_wconf 88' lang='lat' dir='ltr'><strong>quem</strong></span> <span class='ocrx_word' id='word_1_21' title='bbox 1053 821 1162 898; x_wconf 91' lang='lat' dir='ltr'><strong>idem</strong></span> <span class='ocrx_word' id='word_1_22' title='bbox 1176 820 1237 897; x_wconf 85' lang='lat' dir='ltr'><strong>vir</strong></span> <span class='ocrx_word' id='word_1_23' title='bbox 1254 843 1334 920; x_wconf 90' lang='lat' dir='ltr'><strong>pro·</strong></span> 
     </span>
     <span class='ocr_line' id='line_1_5' title="bbox 339 953 1337 1059; baseline -0.002 -29"><span class='ocrx_word' id='word_1_24' title='bbox 339 953 462 1057; x_wconf 76' lang='lat' dir='ltr'><strong>segue</strong></span> <span class='ocrx_word' id='word_1_25' title='bbox 478 979 527 1032; x_wconf 83' lang='lat' dir='ltr'><strong>ex</strong></span> <span class='ocrx_word' id='word_1_26' title='bbox 541 953 693 1045; x_wconf 85' lang='lat' dir='ltr'><strong>Africa,</strong></span> <span class='ocrx_word' id='word_1_27' title='bbox 719 981 763 1031; x_wconf 88' lang='lat' dir='ltr'><strong>ac</strong></span> <span class='ocrx_word' id='word_1_28' title='bbox 778 981 850 1057; x_wconf 91' lang='lat' dir='ltr'><strong>per</strong></span> <span class='ocrx_word' id='word_1_29' title='bbox 866 979 911 1030; x_wconf 91' lang='lat' dir='ltr'><strong>ea</strong></span> <span class='ocrx_word' id='word_1_30' title='bbox 927 957 1014 1032; x_wconf 88' lang='lat' dir='ltr'><strong>loca</strong></span> <span class='ocrx_word' id='word_1_31' title='bbox 1030 957 1185 1059; x_wconf 81' lang='lat' dir='ltr'>Syriam</span> <span class='ocrx_word' id='word_1_32' title='bbox 1205 969 1337 1057; x_wconf 74' lang='lat' dir='ltr'><strong>petens,</strong></span> 
     </span>
     <span class='ocr_line' id='line_1_6' title="bbox 340 1083 1338 1193; baseline -0.009 -23"><span class='ocrx_word' id='word_1_33' title='bbox 340 1091 436 1193; x_wconf 80' lang='lat' dir='ltr'><strong>quia</strong></span> <span class='ocrx_word' id='word_1_34' title='bbox 458 1092 602 1192; x_wconf 87' lang='lat' dir='ltr'><strong>procul</strong></span> <span class='ocrx_word' id='word_1_35' title='bbox 623 1091 798 1168; x_wconf 81' lang='lat' dir='ltr'><strong>intuenti</strong></span> <span class='ocrx_word' id='word_1_36' title='bbox 817 1089 1059 1168; x_wconf 85' lang='lat' dir='ltr'><strong>videbantur</strong></span> <span class='ocrx_word' id='word_1_37' title='bbox 1079 1091 1263 1168; x_wconf 84' lang='lat' dir='ltr'><strong>continua</strong></span> <span class='ocrx_word' id='word_1_38' title='bbox 1276 1083 1338 1163; x_wconf 84' lang='lat' dir='ltr'><strong>elle</strong></span> 
     </span>
     <span class='ocr_line' id='line_1_7' title="bbox 342 1213 1340 1328; baseline -0.008 -25"><span class='ocrx_word' id='word_1_39' title='bbox 342 1227 479 1316; x_wconf 85' lang='lat' dir='ltr'><strong>litora,</strong></span> <span class='ocrx_word' id='word_1_40' title='bbox 508 1241 547 1301; x_wconf 90' lang='lat' dir='ltr'><strong>et</strong></span> <span class='ocrx_word' id='word_1_41' title='bbox 568 1249 653 1304; x_wconf 87' lang='lat' dir='ltr'><strong>non</strong></span> <span class='ocrx_word' id='word_1_42' title='bbox 673 1226 860 1327; x_wconf 85' lang='lat' dir='ltr'><strong>pervium</strong></span> <span class='ocrx_word' id='word_1_43' title='bbox 880 1227 1060 1328; x_wconf 80' lang='lat' dir='ltr'><strong>pelagus,</strong></span> <span class='ocrx_word' id='word_1_44' title='bbox 1089 1213 1290 1327; x_wconf 79' lang='lat' dir='ltr'><strong>proditum</strong></span> <span class='ocrx_word' id='word_1_45' title='bbox 1308 1217 1340 1296; x_wconf 89' lang='lat' dir='ltr'><strong>se</strong></span> 
     </span>
     <span class='ocr_line' id='line_1_8' title="bbox 290 1359 1343 1462; baseline -0.01 -19"><span class='ocrx_word' id='word_1_46' title='bbox 290 1360 553 1443; x_wconf 79' lang='lat' dir='ltr'><strong>rderbitratue</strong></span> <span class='ocrx_word' id='word_1_47' title='bbox 573 1359 778 1438; x_wconf 83' lang='lat' dir='ltr'><strong>occiderat.</strong></span> <span class='ocrx_word' id='word_1_48' title='bbox 826 1361 952 1438; x_wconf 82' lang='lat' dir='ltr'><strong>Abeo</strong></span> <span class='ocrx_word' id='word_1_49' title='bbox 969 1359 1020 1436; x_wconf 90' lang='lat' dir='ltr'><strong>ad</strong></span> <span class='ocrx_word' id='word_1_50' title='bbox 1039 1363 1266 1462; x_wconf 80' lang='lat' dir='ltr'>Pachynum</span> <span class='ocrx_word' id='word_1_51' title='bbox 1286 1379 1343 1435; x_wconf 87' lang='lat' dir='ltr'><strong>ora</strong></span> 
     </span>
     <span class='ocr_line' id='line_1_9' title="bbox 344 1493 1344 1598; baseline -0.006 -26"><span class='ocrx_word' id='word_1_52' title='bbox 344 1521 447 1598; x_wconf 86' lang='lat' dir='ltr'><strong>quae</strong></span> <span class='ocrx_word' id='word_1_53' title='bbox 462 1495 699 1586; x_wconf 81' lang='lat' dir='ltr'>extenditur,</span> <span class='ocrx_word' id='word_1_54' title='bbox 727 1497 889 1574; x_wconf 90' lang='lat' dir='ltr'><strong>Ionium</strong></span> <span class='ocrx_word' id='word_1_55' title='bbox 902 1521 1009 1576; x_wconf 89' lang='lat' dir='ltr'><strong>mare</strong></span> <span class='ocrx_word' id='word_1_56' title='bbox 1025 1493 1242 1597; x_wconf 83' lang='lat' dir='ltr'><strong>adtingens,</strong></span> <span class='ocrx_word' id='word_1_57' title='bbox 1264 1495 1344 1569; x_wconf 82' lang='lat' dir='ltr'><strong>baec</strong></span> 
     </span>
     <span class='ocr_line' id='line_1_10' title="bbox 345 1626 1346 1722; baseline -0.009 -11"><span class='ocrx_word' id='word_1_58' title='bbox 345 1629 423 1712; x_wconf 81' lang='lat' dir='ltr'><strong>fert</strong></span> <span class='ocrx_word' id='word_1_59' title='bbox 444 1629 622 1720; x_wconf 86' lang='lat' dir='ltr'><strong>illustria,</strong></span> <span class='ocrx_word' id='word_1_60' title='bbox 651 1629 877 1722; x_wconf 88' lang='lat' dir='ltr'><strong>Messanam,</strong></span> <span class='ocrx_word' id='word_1_61' title='bbox 906 1634 1231 1719; x_wconf 87' lang='lat' dir='ltr'><strong>Tauromenium,</strong></span> <span class='ocrx_word' id='word_1_62' title='bbox 1257 1626 1346 1706; x_wconf 84' lang='lat' dir='ltr'><strong>Cati·</strong></span> 
     </span>
     <span class='ocr_line' id='line_1_11' title="bbox 347 1761 1348 1868; baseline -0.012 -20"><span class='ocrx_word' id='word_1_63' title='bbox 347 1793 453 1857; x_wconf 86' lang='lat' dir='ltr'><strong>nam,</strong></span> <span class='ocrx_word' id='word_1_64' title='bbox 492 1765 709 1868; x_wconf 83' lang='lat' dir='ltr'><strong>Megaride,</strong></span> <span class='ocrx_word' id='word_1_65' title='bbox 746 1765 973 1868; x_wconf 82' lang='lat' dir='ltr'><strong>Syracusae,</strong></span> <span class='ocrx_word' id='word_1_66' title='bbox 1009 1769 1115 1844; x_wconf 90' lang='lat' dir='ltr'><strong>etin</strong></span> <span class='ocrx_word' id='word_1_67' title='bbox 1138 1769 1187 1844; x_wconf 85' lang='lat' dir='ltr'><strong>iis</strong></span> <span class='ocrx_word' id='word_1_68' title='bbox 1208 1761 1348 1840; x_wconf 87' lang='lat' dir='ltr'><strong>mirabi-</strong></span> 
     </span>
     <span class='ocr_line' id='line_1_12' title="bbox 348 1896 1350 2005; baseline -0.011 -25"><span class='ocrx_word' id='word_1_69' title='bbox 348 1903 431 1980; x_wconf 86' lang='lat' dir='ltr'><strong>lem</strong></span> <span class='ocrx_word' id='word_1_70' title='bbox 459 1899 716 1978; x_wconf 52' lang='lat' dir='ltr'><strong>Arethusam,</strong></span> <span class='ocrx_word' id='word_1_71' title='bbox 759 1906 864 1980; x_wconf 84' lang='lat' dir='ltr'><strong>Pone</strong></span> <span class='ocrx_word' id='word_1_72' title='bbox 891 1901 965 1994; x_wconf 89' lang='lat' dir='ltr'><strong>est,</strong></span> <span class='ocrx_word' id='word_1_73' title='bbox 1001 1903 1046 1979; x_wconf 88' lang='lat' dir='ltr'><strong>in</strong></span> <span class='ocrx_word' id='word_1_74' title='bbox 1073 1929 1159 2005; x_wconf 90' lang='lat' dir='ltr'><strong>quo</strong></span> <span class='ocrx_word' id='word_1_75' title='bbox 1184 1896 1350 1978; x_wconf 85' lang='lat' dir='ltr'><strong>visuntur</strong></span> 
     </span>
     <span class='ocr_line' id='line_1_13' title="bbox 349 2033 1350 2138; baseline -0.005 -26"><span class='ocrx_word' id='word_1_76' title='bbox 349 2037 451 2112; x_wconf 79' lang='lat' dir='ltr'><strong>iacta</strong></span> <span class='ocrx_word' id='word_1_77' title='bbox 471 2036 516 2114; x_wconf 89' lang='lat' dir='ltr'><strong>in</strong></span> <span class='ocrx_word' id='word_1_78' title='bbox 535 2033 737 2138; x_wconf 75' lang='lat' dir='ltr'><strong>Alpheum</strong></span> <span class='ocrx_word' id='word_1_79' title='bbox 758 2063 934 2128; x_wconf 89' lang='lat' dir='ltr'><strong>amnem,</strong></span> <span class='ocrx_word' id='word_1_80' title='bbox 963 2053 1010 2114; x_wconf 91' lang='lat' dir='ltr'><strong>ut</strong></span> <span class='ocrx_word' id='word_1_81' title='bbox 1029 2036 1222 2126; x_wconf 80' lang='lat' dir='ltr'><strong>diximus,</strong></span> <span class='ocrx_word' id='word_1_82' title='bbox 1254 2033 1350 2110; x_wconf 88' lang='lat' dir='ltr'><strong>Pelo·</strong></span> 
     </span>
     <span class='ocr_line' id='line_1_14' title="bbox 352 2167 1350 2274; baseline -0.008 -26"><span class='ocrx_word' id='word_1_83' title='bbox 352 2167 589 2274; x_wconf 86' lang='lat' dir='ltr'><strong>ponnesiaco</strong></span> <span class='ocrx_word' id='word_1_84' title='bbox 611 2171 722 2249; x_wconf 90' lang='lat' dir='ltr'><strong>litori</strong></span> <span class='ocrx_word' id='word_1_85' title='bbox 746 2171 947 2251; x_wconf 82' lang='lat' dir='ltr'><strong>infusum:</strong></span> <span class='ocrx_word' id='word_1_86' title='bbox 983 2171 1093 2249; x_wconf 86' lang='lat' dir='ltr'><strong>unde</strong></span> <span class='ocrx_word' id='word_1_87' title='bbox 1108 2173 1180 2249; x_wconf 87' lang='lat' dir='ltr'><strong>ille</strong></span> <span class='ocrx_word' id='word_1_88' title='bbox 1198 2169 1350 2248; x_wconf 86' lang='lat' dir='ltr'><strong>creditur</strong></span> 
     </span>
     <span class='ocr_line' id='line_1_15' title="bbox 353 2287 1352 2409; baseline -0.007 -25"><span class='ocrx_word' id='word_1_89' title='bbox 353 2329 439 2384; x_wconf 86' lang='lat' dir='ltr'><strong>uon</strong></span> <span class='ocrx_word' id='word_1_90' title='bbox 460 2302 501 2380; x_wconf 87' lang='lat' dir='ltr'><strong>se</strong></span> <span class='ocrx_word' id='word_1_91' title='bbox 525 2287 748 2384; x_wconf 83' lang='lat' dir='ltr'><strong>consociare</strong></span> <span class='ocrx_word' id='word_1_92' title='bbox 773 2308 933 2409; x_wconf 80' lang='lat' dir='ltr'><strong>pelago,</strong></span> <span class='ocrx_word' id='word_1_93' title='bbox 969 2305 1056 2400; x_wconf 88' lang='lat' dir='ltr'><strong>sed,</strong></span> <span class='ocrx_word' id='word_1_94' title='bbox 1094 2305 1230 2384; x_wconf 83' lang='lat' dir='ltr'><strong>subter</strong></span> <span class='ocrx_word' id='word_1_95' title='bbox 1250 2301 1352 2382; x_wconf 83' lang='lat' dir='ltr'><strong>maria</strong></span> 
     </span>
     <span class='ocr_line' id='line_1_16' title="bbox 355 2439 1354 2545; baseline -0.007 -28"><span class='ocrx_word' id='word_1_96' title='bbox 355 2455 557 2541; x_wconf 84' lang='lat' dir='ltr'><strong>terrasque</strong></span> <span class='ocrx_word' id='word_1_97' title='bbox 576 2439 794 2544; x_wconf 80' lang='lat' dir='ltr'><strong>depressus,</strong></span> <span class='ocrx_word' id='word_1_98' title='bbox 822 2443 904 2520; x_wconf 89' lang='lat' dir='ltr'><strong>huc</strong></span> <span class='ocrx_word' id='word_1_99' title='bbox 921 2467 1035 2545; x_wconf 88' lang='lat' dir='ltr'><strong>agere</strong></span> <span class='ocrx_word' id='word_1_100' title='bbox 1053 2443 1232 2531; x_wconf 90' lang='lat' dir='ltr'><strong>alveum,</strong></span> <span class='ocrx_word' id='word_1_101' title='bbox 1256 2455 1354 2538; x_wconf 78' lang='lat' dir='ltr'><strong>atque</strong></span> 
     </span>
     <span class='ocr_line' id='line_1_17' title="bbox 355 2572 1357 2679; baseline -0.004 -25"><span class='ocrx_word' id='word_1_102' title='bbox 355 2574 424 2654; x_wconf 88' lang='lat' dir='ltr'><strong>hic</strong></span> <span class='ocrx_word' id='word_1_103' title='bbox 445 2572 484 2650; x_wconf 89' lang='lat' dir='ltr'><strong>se</strong></span> <span class='ocrx_word' id='word_1_104' title='bbox 505 2575 642 2654; x_wconf 77' lang='lat' dir='ltr'><strong>rursus</strong></span> <span class='ocrx_word' id='word_1_105' title='bbox 670 2578 868 2654; x_wconf 82' lang='lat' dir='ltr'><strong>extollere.</strong></span> <span class='ocrx_word' id='word_1_106' title='bbox 942 2583 1051 2654; x_wconf 91' lang='lat' dir='ltr'><strong>Inter</strong></span> <span class='ocrx_word' id='word_1_107' title='bbox 1074 2577 1301 2679; x_wconf 76' lang='lat' dir='ltr'><strong>Pachynum</strong></span> <span class='ocrx_word' id='word_1_108' title='bbox 1324 2582 1357 2643; x_wconf 77' lang='lat' dir='ltr'><strong>et</strong></span> 
     </span>
     <span class='ocr_line' id='line_1_18' title="bbox 356 2707 1359 2814; baseline -0.016 -20"><span class='ocrx_word' id='word_1_109' title='bbox 356 2712 594 2813; x_wconf 81' lang='lat' dir='ltr'><strong>Lilybaeum</strong></span> <span class='ocrx_word' id='word_1_110' title='bbox 621 2713 784 2814; x_wconf 77' lang='lat' dir='ltr'><strong>Acragas</strong></span> <span class='ocrx_word' id='word_1_111' title='bbox 806 2711 879 2805; x_wconf 87' lang='lat' dir='ltr'><strong>est,</strong></span> <span class='ocrx_word' id='word_1_112' title='bbox 908 2729 947 2788; x_wconf 87' lang='lat' dir='ltr'><strong>et</strong></span> <span class='ocrx_word' id='word_1_113' title='bbox 963 2710 1168 2802; x_wconf 87' lang='lat' dir='ltr'><strong>Heraclea,</strong></span> <span class='ocrx_word' id='word_1_114' title='bbox 1197 2726 1235 2786; x_wconf 86' lang='lat' dir='ltr'><strong>et</strong></span> <span class='ocrx_word' id='word_1_115' title='bbox 1250 2707 1359 2784; x_wconf 84' lang='lat' dir='ltr'><strong>Ther·</strong></span> 
     </span>
     <span class='ocr_line' id='line_1_19' title="bbox 357 2841 1359 2948; baseline -0.009 -26"><span class='ocrx_word' id='word_1_116' title='bbox 357 2871 466 2924; x_wconf 78' lang='lat' dir='ltr'><strong>maer</strong></span> <span class='ocrx_word' id='word_1_117' title='bbox 504 2849 610 2924; x_wconf 86' lang='lat' dir='ltr'><strong>inter</strong></span> <span class='ocrx_word' id='word_1_118' title='bbox 642 2847 882 2948; x_wconf 83' lang='lat' dir='ltr'><strong>Lilybaeum</strong></span> <span class='ocrx_word' id='word_1_119' title='bbox 917 2861 957 2922; x_wconf 92' lang='lat' dir='ltr'><strong>et</strong></span> <span class='ocrx_word' id='word_1_120' title='bbox 990 2843 1174 2924; x_wconf 84' lang='lat' dir='ltr'><strong>Pelorida</strong></span> <span class='ocrx_word' id='word_1_121' title='bbox 1202 2841 1359 2919; x_wconf 90' lang='lat' dir='ltr'><strong>Panhor·</strong></span> 
     </span>
     <span class='ocr_line' id='line_1_20' title="bbox 357 2977 1362 3070; baseline -0.018 -8"><span class='ocrx_word' id='word_1_122' title='bbox 357 3007 467 3070; x_wconf 85' lang='lat' dir='ltr'><strong>mue,</strong></span> <span class='ocrx_word' id='word_1_123' title='bbox 496 2997 536 3058; x_wconf 88' lang='lat' dir='ltr'><strong>et</strong></span> <span class='ocrx_word' id='word_1_124' title='bbox 559 2985 738 3060; x_wconf 86' lang='lat' dir='ltr'><strong>Himera:</strong></span> <span class='ocrx_word' id='word_1_125' title='bbox 781 2982 951 3058; x_wconf 83' lang='lat' dir='ltr'><strong>interius</strong></span> <span class='ocrx_word' id='word_1_126' title='bbox 979 3007 1078 3058; x_wconf 84' lang='lat' dir='ltr'><strong>vero</strong></span> <span class='ocrx_word' id='word_1_127' title='bbox 1100 2977 1303 3065; x_wconf 92' lang='lat' dir='ltr'><strong>Leontini,</strong></span> <span class='ocrx_word' id='word_1_128' title='bbox 1330 2983 1362 3046; x_wconf 85' lang='lat' dir='ltr'><strong>et</strong></span> 
     </span>
     <span class='ocr_line' id='line_1_21' title="bbox 359 3112 1362 3217; baseline -0.014 -23"><span class='ocrx_word' id='word_1_129' title='bbox 359 3119 684 3217; x_wconf 85' lang='lat' dir='ltr'><strong>Centuripinum,</strong></span> <span class='ocrx_word' id='word_1_130' title='bbox 711 3132 750 3192; x_wconf 83' lang='lat' dir='ltr'><strong>cr</strong></span> <span class='ocrx_word' id='word_1_131' title='bbox 770 3117 913 3217; x_wconf 81' lang='lat' dir='ltr'><strong>Hybla,</strong></span> <span class='ocrx_word' id='word_1_132' title='bbox 939 3117 1117 3216; x_wconf 86' lang='lat' dir='ltr'><strong>aliaeque</strong></span> <span class='ocrx_word' id='word_1_133' title='bbox 1136 3112 1362 3216; x_wconf 70' lang='lat' dir='ltr'><strong>complureu</strong></span> 
     </span>
     <span class='ocr_line' id='line_1_22' title="bbox 360 3249 1361 3353; baseline -0.011 -26"><span class='ocrx_word' id='word_1_134' title='bbox 360 3249 506 3327; x_wconf 89' lang='lat' dir='ltr'><strong>famam</strong></span> <span class='ocrx_word' id='word_1_135' title='bbox 541 3251 661 3326; x_wconf 89' lang='lat' dir='ltr'><strong>habet</strong></span> <span class='ocrx_word' id='word_1_136' title='bbox 703 3251 756 3329; x_wconf 93' lang='lat' dir='ltr'><strong>ob</strong></span> <span class='ocrx_word' id='word_1_137' title='bbox 799 3252 954 3328; x_wconf 74' lang='lat' dir='ltr'><strong>Cereris</strong></span> <span class='ocrx_word' id='word_1_138' title='bbox 988 3251 1187 3353; x_wconf 88' lang='lat' dir='ltr'><strong>templum</strong></span> <span class='ocrx_word' id='word_1_139' title='bbox 1228 3251 1361 3324; x_wconf 79' lang='lat' dir='ltr'><strong>Henna</strong></span> 
     </span>
     <span class='ocr_line' id='line_1_23' title="bbox 186 3377 1364 3488; baseline -0.008 -27"><span class='ocrx_word' id='word_1_140' title='bbox 186 3377 187 3387; x_wconf 66' lang='grc'>’</span> <span class='ocrx_word' id='word_1_141' title='bbox 308 3388 569 3486; x_wconf 85' lang='lat' dir='ltr'><strong>17Praecipui</strong></span> <span class='ocrx_word' id='word_1_142' title='bbox 586 3388 789 3464; x_wconf 78' lang='lat' dir='ltr'><strong>monrium</strong></span> <span class='ocrx_word' id='word_1_143' title='bbox 805 3391 925 3488; x_wconf 82' lang='lat' dir='ltr'><strong>Eryx,</strong></span> <span class='ocrx_word' id='word_1_144' title='bbox 948 3387 1118 3462; x_wconf 81' lang='lat' dir='ltr'><strong>maxime</strong></span> <span class='ocrx_word' id='word_1_145' title='bbox 1140 3391 1364 3462; x_wconf 82' lang='lat' dir='ltr'><strong>memoratur</strong></span> 
     </span>
     <span class='ocr_line' id='line_1_24' title="bbox 363 3517 1366 3610; baseline -0.003 -12"><span class='ocrx_word' id='word_1_146' title='bbox 363 3523 415 3598; x_wconf 95' lang='lat' dir='ltr'><strong>ob</strong></span> <span class='ocrx_word' id='word_1_147' title='bbox 452 3520 668 3599; x_wconf 89' lang='lat' dir='ltr'><strong>delubrum</strong></span> <span class='ocrx_word' id='word_1_148' title='bbox 703 3522 884 3610; x_wconf 84' lang='lat' dir='ltr'><strong>Veneris,</strong></span> <span class='ocrx_word' id='word_1_149' title='bbox 922 3519 970 3596; x_wconf 91' lang='lat' dir='ltr'><strong>ab</strong></span> <span class='ocrx_word' id='word_1_150' title='bbox 997 3520 1128 3596; x_wconf 82' lang='lat' dir='ltr'><strong>Aenea</strong></span> <span class='ocrx_word' id='word_1_151' title='bbox 1161 3517 1366 3596; x_wconf 60' lang='lat' dir='ltr'><strong>conditum,</strong></span> 
     </span>
     <span class='ocr_line' id='line_1_25' title="bbox 361 3654 1366 3758; baseline -0.009 -27"><span class='ocrx_word' id='word_1_152' title='bbox 361 3673 403 3732; x_wconf 87' lang='lat' dir='ltr'><strong>et</strong></span> <span class='ocrx_word' id='word_1_153' title='bbox 423 3659 572 3746; x_wconf 71' lang='lat' dir='ltr'><strong>aetna,</strong></span> <span class='ocrx_word' id='word_1_154' title='bbox 612 3681 713 3757; x_wconf 85' lang='lat' dir='ltr'><strong>quae</strong></span> <span class='ocrx_word' id='word_1_155' title='bbox 750 3658 947 3758; x_wconf 80' lang='lat' dir='ltr'><strong>Cyclopas</strong></span> <span class='ocrx_word' id='word_1_156' title='bbox 985 3655 1083 3730; x_wconf 90' lang='lat' dir='ltr'><strong>olim</strong></span> <span class='ocrx_word' id='word_1_157' title='bbox 1112 3654 1227 3741; x_wconf 89' lang='lat' dir='ltr'><strong>tulit,</strong></span> <span class='ocrx_word' id='word_1_158' title='bbox 1271 3665 1366 3724; x_wconf 82' lang='lat' dir='ltr'><strong>nunc</strong></span> 
     </span>
     <span class='ocr_line' id='line_1_26' title="bbox 363 3786 1368 3893; baseline -0.013 -21"><span class='ocrx_word' id='word_1_159' title='bbox 363 3793 536 3872; x_wconf 77' lang='lat' dir='ltr'><strong>adsiduis</strong></span> <span class='ocrx_word' id='word_1_160' title='bbox 557 3791 718 3893; x_wconf 84' lang='lat' dir='ltr'><strong>ignibus</strong></span> <span class='ocrx_word' id='word_1_161' title='bbox 742 3787 886 3892; x_wconf 86' lang='lat' dir='ltr'><strong>flagrat.</strong></span> <span class='ocrx_word' id='word_1_162' title='bbox 931 3791 996 3867; x_wconf 87' lang='lat' dir='ltr'><strong>De</strong></span> <span class='ocrx_word' id='word_1_163' title='bbox 1018 3788 1202 3864; x_wconf 80' lang='lat' dir='ltr'><strong>amnibus</strong></span> <span class='ocrx_word' id='word_1_164' title='bbox 1223 3786 1368 3864; x_wconf 77' lang='lat' dir='ltr'><strong>Himera</strong></span> 
     </span>
     <span class='ocr_line' id='line_1_27' title="bbox 364 3921 1369 4027; baseline -0.01 -18"><span class='ocrx_word' id='word_1_165' title='bbox 364 3927 616 4018; x_wconf 84' lang='lat' dir='ltr'><strong>referendus,</strong></span> <span class='ocrx_word' id='word_1_166' title='bbox 661 3927 755 4027; x_wconf 87' lang='lat' dir='ltr'><strong>quin</strong></span> <span class='ocrx_word' id='word_1_167' title='bbox 780 3929 825 4001; x_wconf 91' lang='lat' dir='ltr'><strong>in</strong></span> <span class='ocrx_word' id='word_1_168' title='bbox 851 3923 983 4001; x_wconf 87' lang='lat' dir='ltr'><strong>media</strong></span> <span class='ocrx_word' id='word_1_169' title='bbox 1011 3921 1233 4000; x_wconf 88' lang='lat' dir='ltr'><strong>admodum</strong></span> <span class='ocrx_word' id='word_1_170' title='bbox 1261 3930 1369 3999; x_wconf 67' lang='lat' dir='ltr'><strong>ortus,</strong></span> 
     </span>
     <span class='ocr_line' id='line_1_28' title="bbox 365 4052 1370 4160; baseline -0.02 -10"><span class='ocrx_word' id='word_1_171' title='bbox 365 4071 410 4150; x_wconf 77' lang='lat' dir='ltr'><strong>&#39;an</strong></span> <span class='ocrx_word' id='word_1_172' title='bbox 434 4061 587 4146; x_wconf 68' lang='lat' dir='ltr'><strong>diversa</strong></span> <span class='ocrx_word' id='word_1_173' title='bbox 615 4059 810 4154; x_wconf 79' lang='lat' dir='ltr'><strong>decurrit,</strong></span> <span class='ocrx_word' id='word_1_174' title='bbox 844 4057 1107 4160; x_wconf 73' lang='lat' dir='ltr'><strong>scindensque</strong></span> <span class='ocrx_word' id='word_1_175' title='bbox 1134 4077 1222 4136; x_wconf 84' lang='lat' dir='ltr'><strong>eam</strong></span> <span class='ocrx_word' id='word_1_176' title='bbox 1244 4052 1370 4133; x_wconf 78' lang='lat' dir='ltr'><strong>utrim-</strong></span> 
     </span>
    </p>
   </div>
   <div class='ocr_carea' id='block_1_3' title="bbox 0 0 1445 4920">
    <p class='ocr_par' dir='ltr' id='par_1_3' title="bbox 0 0 1445 4920">
     <span class='ocr_line' id='line_1_29' title="bbox 0 0 1445 4920; baseline 0 0"><span class='ocrx_word' id='word_1_177' title='bbox 0 0 1445 4920; x_wconf 95' lang='lat' dir='ltr'><strong> </strong></span> 
     </span>
    </p>
   </div>
  </div>
 </body>
</html>
