2816 4920
222 445 286 504 nn
323 423 435 504 siro
465 441 737 508 oneraria.
768 449 809 508 n.
852 451 885 511 c.
906 451 944 516 v.
1039 429 1099 530 '⁶3

77 629 177 716 quot
210 612 303 692 lunt
345 639 439 691 cum
479 616 679 719 aliquibus
716 621 950 698 nominibus
987 621 1098 700 loca:

76 765 252 856 ceterum
285 775 394 828 rarae
431 752 573 843 urbes,
615 755 710 854 quia
740 757 821 833 rari
853 771 1017 858 portus,
1060 774 1100 835 et

76 889 207 964 omnis
238 887 351 990 plaga
376 884 508 965 austro
535 905 654 988 atque
685 885 809 967 africo
837 891 1009 994 expolita
1032 891 1098 972 est.

73 1025 223 1100 Nicaea
252 1025 376 1124 tangit
405 1025 541 1126 Alpes,
582 1024 707 1124 tangit
736 1025 934 1128 oppidum
958 1031 1101 1104 Decia-

73 1174 186 1248 tum,
223 1161 349 1260 tangit
386 1159 595 1260 Antipolis.
661 1158 820 1235 Deinde
855 1160 912 1237 est
947 1165 1099 1240 Forum

73 1295 188 1380 lulii,
218 1298 514 1372 Octavanorum
538 1294 716 1372 colonia:
754 1310 843 1373 tum
865 1295 955 1397 post
978 1299 1099 1374 Athe-

70 1431 257 1530 nopolin,
280 1445 320 1505 et
336 1429 506 1518 Olbiam,
531 1445 572 1504 et
589 1431 780 1520 Tauroin,
808 1448 847 1507 et
860 1433 1098 1512 Citharisten

71 1563 127 1638 est
150 1563 361 1665 Lacydon,
397 1561 690 1642 Mallilienfium
722 1580 884 1666 portus,
919 1583 958 1641 et
980 1569 1023 1642 in
1046 1594 1096 1646 eo

70 1697 153 1802 ipsa
185 1699 355 1778 Malhlia.
427 1703 534 1776 Haec
563 1725 584 1774 a
610 1699 800 1777 Phocaeis
828 1702 1019 1793 oriunda,
1058 1719 1098 1778 et

71 1838 170 1913 olim
192 1837 298 1910 inter
314 1831 463 1937 asperas
485 1834 629 1937 polita,
656 1860 767 1910 nuno
788 1851 834 1912 ut
852 1839 1014 1938 pacatis,
1042 1839 1097 1914 ita
1203 1885 1210 1894 ·

72 1969 337 2046 diffimillimis
368 1985 502 2046 tamen
530 1971 664 2046 vicina
698 1972 902 2070 gentibus,
945 1975 1096 2050 mirum

72 2129 192 2207 quam
216 2103 331 2180 facile
349 2119 389 2181 et
409 2121 506 2180 tunc
522 2101 654 2182 sedem
676 2107 845 2181 alienam
869 2106 1028 2208 ceperit,
1056 2123 1095 2183 et

71 2240 206 2317 adhuc
236 2264 392 2317 morem
421 2237 539 2316 suum
573 2255 712 2318 teneat
789 2245 898 2317 Inter
929 2267 1014 2317 eam
1054 2257 1130 2334 et4

69 2373 318 2452 Rhodanum
345 2377 549 2454 Maritima
578 2377 838 2453 Auaticorum
866 2374 1002 2477 stagno
1026 2375 1096 2453 ad·

71 2509 180 2587 [iden
237 2507 346 2587 Folla
368 2511 547 2588 Mariana
578 2525 731 2613 partem
760 2513 847 2589 eius
869 2513 995 2588 amnis
1026 2537 1096 2587 na·

68 2645 237 2748 vigabili
259 2645 373 2722 alveo
397 2637 580 2722 effundit.
636 2647 833 2746 Alioquin
860 2647 957 2722 litus
980 2649 1096 2746 igno·

69 2781 153 2857 bile
174 2777 250 2869 est,
275 2779 498 2882 lapideum,
526 2797 573 2856 ut
589 2797 751 2874 vocant;
781 2783 827 2857 in
847 2807 930 2882 quo
945 2765 1096 2857 Hercu·

69 2917 151 2992 lem
171 2931 309 2992 contra
324 2914 495 2994 Albiona
516 2930 555 2991 et
570 2917 762 3017 Bergion,
790 2915 974 3016 Neptuni
996 2891 1096 2989 libe·

1 3118 2 3124 ,
69 3078 156 3143 ros,
192 3049 447 3127 dimicantem
474 3075 567 3126 cum
591 3052 667 3126 tela
691 3047 936 3140 defecillent,
966 3050 1015 3125 ab
1033 3051 1095 3125 in-

69 3203 214 3265 vocato
241 3189 338 3262 love
369 3183 554 3261 adiutum
579 3186 707 3262 imbre
738 3187 918 3290 lapidum
947 3183 1094 3262 lerunt.

70 3321 219 3400 Credas
239 3315 392 3423 pluille‚
416 3319 515 3398 adeo
533 3317 795 3423 multi'pallim
813 3337 852 3396 et
866 3322 942 3396 late
956 3321 1094 3395 iacent.

69 3455 296 3536 Rhodanus
314 3481 399 3532 non
421 3455 541 3556 longe
563 3457 613 3531 ab
633 3457 721 3532 lstri
737 3456 953 3555 Rhenique
972 3453 1133 3548 fonti-5

69 3593 146 3672 bus
168 3590 316 3692 surgit:
357 3587 523 3682 deinde,
556 3593 763 3669 Lemanno
792 3593 882 3669 lacu
902 3607 1096 3693 acceptus,

70 3745 180 3805 tenet
215 3727 433 3826 impetum,
466 3721 586 3825 leque
618 3750 692 3828 per
721 3724 904 3802 medium
943 3729 1097 3827 integer

69 3887 201 3967 agene,
227 3875 400 3961 quantus
418 3861 542 3950 venit,
568 3858 789 3961 egreditur;
821 3877 861 3936 et
883 3859 980 3939 inde
1002 3875 1098 3950 oon·

1 4035 2 4089 l
71 4015 130 4076 tra
170 3993 419 4074 occidentem
449 3997 619 4087 ablatus,
663 3993 913 4097 aliquamdiu
951 3995 1097 4071 Gallias

69 4131 251 4214 dirimit:
284 4127 373 4236 post
389 4127 508 4210 cursu
526 4133 571 4208 in
587 4129 799 4210 meridiem
813 4131 997 4223 abducto,
1022 4127 1097 4206 hac
