2868 4930
353 447 463 507 cxlv*
599 439 664 502 DE
704 439 976 504 rottrottto
1019 445 1190 546 tutte·

358 609 473 706 peris,
501 607 757 684 Oliverianum
780 609 918 701 reddit,
952 609 1053 707 quod
1075 611 1141 683 usu
1163 611 1312 688 edoctus
1335 615 1392 688 od·

357 731 479 804 iirmo.
518 730 645 803 Vineti
663 730 864 802 editionem
880 731 1065 829 ignoreiie,
1090 749 1187 806 certe
1202 761 1279 806 non
1296 739 1392 808 adhi-

238 927 244 938 ,
357 849 470 924 buiss'e
494 849 660 939 videtur,
693 851 794 948 quod
818 851 908 926 dicit
933 852 973 924 in
999 851 1242 950 praefatione.
1272 856 1306 928 se
1327 881 1390 952 pro

358 982 442 1047 Indu
464 969 691 1071 postliminio
718 971 836 1046 redire
856 969 983 1047 iuffiffe
1002 982 1099 1046 Indis
1117 998 1149 1068 1,
1172 999 1207 1067 o,
1225 995 1261 1068 4.
1295 978 1391 1076 quod

356 1097 433 1168 iam
454 1091 588 1168 fecerat
610 1093 777 1170 Vinetur.

615 1365 675 1434 66.
733 1359 933 1436 Parisiis
964 1381 1072 1453 1577.
1102 1383 1139 1450 8.

429 1533 602 1608 Innotuit
615 1533 708 1606 mihi
726 1535 813 1607 haec
828 1534 942 1607 editio
958 1559 1003 1608 ex
1026 1537 1190 1634 catalogo
1212 1533 1392 1634 impreiio-
1423 1573 1427 1586 =

355 1683 440 1732 rum
473 1657 656 1730 librorum
694 1657 736 1728 in
768 1656 987 1728 bibliotheca
1022 1659 1216 1750 Bodlejana
1251 1661 1330 1730 Vol.
1354 1681 1389 1730 0.

354 1804 437 1880 pag.
457 1783 540 1850 166.
564 1779 629 1850 ubi
640 1775 689 1850 iic
702 1796 1027 1853 commemoratum
1053 1779 1202 1852 Parthis.
1225 1799 1329 1868 1577.
1356 1801 1390 1866 8.

355 1900 453 1996 opud
468 1905 498 1970 Ι.
510 1899 616 1972 Petit
643 1897 720 1994 Ipse
735 1921 815 1970 eam
830 1923 908 1972 non
920 1897 1010 1992 vidi,
1030 1926 1108 1992 nec,
1126 1927 1174 1974 en
1189 1918 1285 1974 reete
1298 1901 1393 1974 indi·

355 2038 474 2111 cetur,
499 2017 619 2092 dicere
638 2016 792 2118 polium.

406 2289 467 2375 67.
525 2278 746 2381 Augustae
779 2282 1132 2360 vindelicorum
1162 2305 1268 2376 1577.
1304 2307 1340 2375 8.

436 2462 688 2539 Praemittitur
722 2461 882 2561 epitome
915 2467 1158 2563 Geographiae
1187 2469 1321 2545 veteris
1354 2491 1392 2547 et

351 2609 482 2662 novae.
517 2591 563 2658 In
582 2584 807 2683 praefatione
827 2591 958 2683 Georg.
974 2585 1198 2680 Henischius,
1225 2593 1391 2669 medicor

350 2725 390 2784 et
403 2708 681 2781 mathematicus
690 2701 931 2805 Augustanus,
948 2705 1066 2779 editor
1080 2709 1181 2799 dicit,
1198 2682 1390 2790 correctio·

350 2856 430 2906 rem
449 2829 651 2927 aliquanto,
679 2851 789 2924 quam
811 2829 927 2925 vulgo
949 2827 1232 2920 circumferatur,
1258 2805 1418 2907 adium·

350 2970 452 3023 ctum
472 2973 492 3022 t
514 2948 547 3020 se
568 2951 720 3021 Melam.
783 2947 939 3021 Videtur
956 2948 1029 3045 ipsa
1050 2949 1134 3039 effe,
1166 2978 1259 3048 quae
1280 2951 1389 3050 supra

350 3093 471 3142 errore
491 3067 635 3140 numeri
659 3067 706 3139 ad
721 3092 778 3139 an.
796 3073 903 3159 1567.
924 3071 1153 3144 reiioiebatur
1173 3055 1389 3149 ebraudio.

206 3237 210 3244 ·
347 3185 411 3265 Est
432 3189 472 3260 in
493 3187 596 3259 libris
618 3186 861 3263 bibliothecae
888 3190 1072 3264 Caesareae
1093 3192 1391 3270 vindobonenfir

349 3328 387 3381 et
401 3307 611 3381 Electorelis
625 3307 851 3399 Dresdenfis,
875 3335 969 3408 quae
988 3311 1066 3385 eius
1081 3311 1185 3384 usum
1206 3311 1388 3390 conceffit.

347 3433 432 3504 Fert
450 3428 624 3503 lectiones
638 3431 778 3528 aliquas
795 3430 928 3513 bonas.
950 3455 1041 3528 quas
1058 3450 1221 3508 enotatas
1236 3435 1337 3509 dedi.

561 3695 621 3780 68.
677 3695 954 3795 Burdigalae
982 3715 1089 3784 1581.
1123 3717 1161 3791 4.

417 3879 583 3976 Repetite
600 3875 648 3954 est
663 3880 776 3955 editio
791 3883 918 3956 Vineti
932 3908 989 3958 on.
1008 3906 1116 3976 1570.
1147 3893 1389 3962 Commemo-

343 4017 459 4076 ratam
476 4002 587 4072 etiem
599 4002 728 4075 inveni
744 4003 786 4077 in
801 4007 967 4105 catalogo
985 4006 1074 4082 bibi.
1087 4007 1319 4103 Iitottianoe,
1341 4011 1388 4084 itt

342 4123 563 4222 Geogrephis
579 4149 616 4222 p.
631 4139 694 4219 94.
