2868 4930
183 441 244 500 us
277 435 384 500 stru
421 437 568 502 onnrs
605 439 695 500 crs.
725 443 750 500 r.
793 443 932 510 cnut.
1049 456 1090 524 tt

396 593 445 702 'c
472 622 506 699 A
529 623 571 700 ι’.
626 623 745 698 v111.

313 805 845 908 Cyrenaica

158 1021 251 1099 inde
269 993 326 1099 ad
342 1022 627 1102 Catabathmon
646 1023 864 1124 Cyrenaica
880 1025 1088 1126 provincia
1106 1054 1123 1104 t

78 1155 152 1248 'est3
199 1159 243 1234 in
283 1161 408 1259 eaqire
443 1156 556 1249 lunt,
598 1161 832 1236 Hammonis
868 1163 1090 1254 oraculum,

87 1291 168 1368 fidei
188 1294 383 1370 inclutae:
420 1307 459 1368 et
476 1290 581 1381 foris,
612 1317 733 1392 quem
748 1295 850 1372 Solis
868 1297 1089 1398 appellant:

85 1443 117 1502 et
141 1454 255 1530 rupes
288 1426 483 1528 quaedam
506 1425 649 1504 Austro
674 1425 787 1504 sacra.
859 1435 964 1506 Haeo
996 1457 1091 1510 cum

84 1561 284 1640 hominum
312 1589 436 1639 manu
463 1561 702 1662 adtingitur,
741 1563 811 1638 ille
847 1565 1090 1644 immodicus

84 1697 251 1802 exsurgit,
280 1721 495 1796 arenasque
517 1694 626 1796 quast
641 1697 764 1771 maria
780 1721 909 1798 agens,
939 1697 988 1774 fic
1010 1697 1092 1774 lae·

15 1887 22 1900 ,
84 1832 149 1922 vit,
183 1849 228 1910 ut
248 1831 452 1911 fluctibus.
508 1835 613 1909 Fons
641 1829 773 1906 media
803 1847 920 1909 nocte
949 1829 1091 1928 fervet,

82 1991 164 2041 mox
181 1983 219 2044 et
228 1937 443 2069 paullatim
464 1963 681 2068 tepescens,
720 1961 764 2041 fit
784 1966 875 2042 luce
897 1965 1089 2070 frigidum

82 2114 166 2176 tunc
184 2117 231 2178 ut
249 2100 311 2177 lol
327 2099 474 2203 surgit,
502 2103 558 2178 ita
580 2098 750 2177 subinde
772 2097 979 2202 frigidior,
1016 2129 1090 2206 per

82 2234 278 2313 meridiem
304 2239 472 2313 maxime
494 2237 617 2337 riget:
660 2232 782 2311 sumit
806 2236 902 2315 dein
932 2244 1089 2342 tepores

82 2366 236 2462 iterum;
272 2387 313 2448 et
329 2375 457 2474 prima
473 2385 592 2448 nocte
609 2369 772 2462 calidus,
801 2388 932 2472 atque,
953 2387 1001 2450 ut
1018 2375 1089 2450 illa

16 2601 17 2608 ἶ
80 2504 265 2600 procedit,
294 2509 350 2583 ita
374 2504 558 2595 calidior,
592 2501 729 2583 rursus
749 2531 841 2584 cnm
868 2506 925 2584 est
944 2507 1089 2600 media,

15 2609 16 2618 ἵ
79 2637 276 2736 perferret
330 2645 376 2717 ln
394 2643 512 2718 litore
533 2643 810 2741 promontoria
824 2639 917 2719 lunt
929 2645 1124 2746 Zephy·2

80 2773 159 2850 riou
179 2791 218 2851 et
239 2773 535 2866 Naustathmos,
562 2789 704 2877 portus
724 2779 990 2868 Paraetonius,
1019 2803 1090 2854 ur·

80 2905 137 2984 bes
161 2909 361 3011 Hesperia,
394 2911 621 3012 Apollonia,
655 2909 877 3000 Ptolemais,
913 2910 1089 3004 Arsinoe,

78 3057 183 3143 atque
211 3043 352 3148 (unde
379 3045 494 3120 terris
517 3067 668 3120 nomen
689 3039 771 3146 est)
803 3043 885 3146 ipsa
917 3049 1086 3150 Cyrene.

78 3175 358 3267 Catabathmon,
377 3179 493 3256 vallis
510 3177 660 3255 devexa
675 3177 720 3254 in
733 3181 973 3283 Aegyptum,
999 3181 1089 3260 finit

79 3307 249 3390 Airicam.
321 3319 421 3391 Orae
452 3311 503 3390 lic
534 3312 783 3403 habitantur,
828 3315 878 3391 ad
906 3315 1124 3399 nostrum

76 3449 238 3524 maxime
259 3449 384 3526 ritum
410 3451 573 3526 moratis
597 3448 841 3539 cultoribus,
875 3449 951 3528 nili
975 3451 1088 3552 quod

77 3579 230 3678 quidam
257 3585 416 3686 ,linguis
455 3577 670 3672 differunt,
716 3598 756 3658 et
790 3584 904 3662 cultu
939 3587 1088 3678 Deum,

77 3737 167 3814 quos
188 3708 342 3818 patrios'
356 3713 524 3807 servant,
552 3743 595 3792 ac
616 3715 745 3820 patrio
764 3743 875 3796 more
895 3743 1089 3798 veneran-

75 3863 143 3926 tur.
184 3854 381 3934 Proximis
401 3855 537 3930 nullae
554 3851 721 3953 quidem
742 3854 860 3931 urbes
884 3851 1001 3946 stant,
1029 3871 1087 3932 tu·

74 4010 159 4063 men
174 3987 377 4066 domicilia
391 3985 496 4077 lunt,
525 4011 627 4089 qnae
643 3989 810 4089 mapalia
826 3987 1084 4090 adpelluntur.

72 4121 201 4203 Victus
228 4121 356 4226 aspar·
380 4139 420 4200 et
444 4119 671 4203 munditiis¹
688 4147 831 4204 wreus.
887 4123 1085 4204 Primores
