2816 4920
326 435 369 506 ω
604 421 863 484 ronronrr
902 411 1069 483 naxia

328 593 640 685 Melanchlaeni,
668 596 793 684 Serri,
821 595 988 686 Siracos,
1017 595 1168 685 Colici,
1192 591 1346 686 coraxi,

327 730 635 831 Phtltirophagi,
680 729 897 819 Heniochi,
940 730 1107 821 Achaei,
1143 731 1349 822 Cercetici,

327 881 368 942 et
402 869 555 942 iamin
591 861 767 941 confinio
798 864 1012 944 Maeotidis
1036 865 1243 944 Sindonee.
1302 869 1349 941 ln

327 1000 634 1078 Heniochorum
671 995 820 1075 finibua
854 999 1099 1092 Dioscorias,
1141 998 1349 1088 aCallore

329 1151 370 1212 et
406 1134 592 1223 Polluce,
643 1137 819 1209 Pontum
857 1160 951 1222 cuna
988 1133 1124 1212 Iasona
1157 1132 1348 1237 ingreffis;

329 1267 473 1348 Sindos
499 1269 543 1342 in
567 1267 791 1346 Sindonum
817 1269 864 1344 ab
889 1268 982 1372 ipsis
1005 1285 1196 1346 terrarum
1221 1271 1350 1346 culto·

133 1463 134 1468 ,
277 1405 442 1494 15ribus
466 1401 626 1480 condita
648 1400 713 1478 est.
771 1405 944 1505 Obliqua
961 1421 1058 1482 tunc
1080 1407 1211 1507 regio,
1246 1420 1287 1479 et
1306 1407 1350 1479 in

329 1542 457 1616 latum
473 1537 631 1615 modice
649 1553 803 1639 patens,
830 1539 937 1615 inter
952 1544 1126 1616 Pontum
1144 1540 1353 1617 Paludem·

330 1700 411 1777 que
445 1673 496 1750 ad
527 1677 750 1773 Bosporum
783 1675 979 1750 excurrit:
1034 1701 1155 1775 quam
1192 1675 1353 1759 duobus

332 1810 455 1886 alveis
482 1810 526 1883 in
557 1808 684 1884 lacum
715 1822 753 1881 et
779 1810 824 1883 in
854 1832 962 1883 mare
994 1805 1212 1909 profluens'
1227 1811 1354 1885 Coro·

332 1942 527 2022 condame
566 1966 690 2042 paene
738 1939 909 2018 insulam
950 1940 1091 2019 reddit
1173 1949 1355 2048 Quatuor

214 2121 218 2128 ·
331 2078 453 2154 urbac
475 2078 534 2153 ibi
565 2073 674 2164 lunt,
709 2073 982 2169 Herrnonalla,
1017 2064 1169 2178 Cepoe,
1202 2078 1355 2152 Phana-

278 2214 463 2315 16goria,
493 2211 596 2286 etin
619 2207 705 2312 ipso
727 2237 815 2303 ore,
851 2215 1128 2292 Cimmerium.
1186 2217 1270 2288 Hac
1294 2214 1356 2288 in·

332 2343 476 2451 grelloe
497 2350 623 2421 Lacus
650 2347 808 2447 accipit,
845 2348 966 2450 longe
992 2347 1149 2446 lateque
1167 2343 1355 2425 diffulusz

332 2507 414 2584 qua
434 2497 553 2557 terras
572 2482 714 2581 tangit,
739 2482 913 2560 incurvo
934 2480 1199 2558 circumdatus
1216 2484 1357 2574 litorea

333 2643 414 2720 qua
438 2617 538 2692 mari
562 2617 730 2716 propior
752 2613 819 2706 est,
844 2616 943 2720 (nifi
960 2617 1034 2692 ubi
1060 2618 1262 2717 aperitur)
1294 2643 1358 2694 ae·

334 2754 446 2854 quali
468 2753 647 2852 margine
670 2751 879 2842 obductus,
907 2754 1003 2827 citra
1026 2751 1359 2851 magnitudinem,

280 2907 462 2991 17prope
483 2890 612 2963 Ponto
635 2885 788 2962 similis,
842 2889 981 2976 Oram,
1015 2911 1116 2988 quae
1136 2911 1158 2960 a
1177 2890 1360 2989 Bosporo

334 3021 385 3097 ad
408 3021 574 3099 Tanaim
597 3045 726 3121 usqne
750 3017 995 3111 deflectitur,
1033 3023 1224 3098 Maeotici
1245 3023 1361 3099 inco·

333 3159 445 3246 lunt,
483 3161 669 3244 Toretae,
714 3154 896 3245 Arrechi,
937 3156 1141 3246 Phicores,
1186 3171 1227 3230 et
1253 3155 1360 3234 ostio

334 3291 515 3368 fluminis
549 3291 725 3391 proximi
758 3293 957 3366 Ixamatae.
1023 3289 1144 3392 Apud
1178 3315 1246 3368 eos
1276 3315 1359 3368 eas·

336 3423 430 3502 dem
453 3441 555 3502 artes
576 3423 763 3514 feminae,
795 3449 892 3526 quae
910 3427 1001 3516 viri,
1029 3440 1222 3515 exercent,
1257 3425 1360 3504 adeo

337 3574 385 3637 ut
405 3585 458 3635 ne
490 3561 633 3634 militia
659 3558 825 3660 quidem
847 3575 997 3636 vacent
1070 3561 1157 3636 viri
1185 3559 1361 3661 pedibus

336 3710 510 3783 merent,
539 3690 763 3794 sagittisque
782 3694 1032 3798 depugnant:
1069 3695 1160 3771 illae
1178 3693 1361 3793 equestre

335 3831 537 3933 proelium
572 3830 732 3918 ineunt,
773 3855 847 3904 nec
882 3829 990 3908 ferro
1027 3831 1236 3920 dimicant,
1277 3829 1362 3922 sed,

337 3991 439 4067 quos
460 3965 611 4064 laqueis
632 3963 886 4066 intercepere,
909 3966 1103 4044 trahendo
1125 3961 1359 4043 conficiunt.

335 4100 512 4178 Nubant
533 4115 684 4188 tamen,
714 4125 856 4183 verum
876 4116 924 4182 ut
942 4101 1101 4184 nubiles
1123 4100 1359 4194 habeantur,
