2868 4930
372 413 414 478 ss
653 387 911 474 ionronn
953 413 1119 475 naras

368 584 467 687 sagis
495 585 700 676 volantum
746 587 895 688 vulgus
929 585 1140 664 bestiarum
1166 583 1369 688 pecudum·

368 745 450 823 que
473 721 656 822 pellibus.
699 722 826 797 Humi
849 723 962 821 quies
985 724 1203 823 epulaeque
1224 723 1370 822 capiun-

367 871 446 934 tur.
490 854 584 931 Vasa
607 857 719 956 ligno
744 853 857 947 fiunt,
885 874 953 933 aut
979 859 1136 941 cortice,
1188 859 1301 933 Potus
1323 854 1371 930 est

366 991 427 1068 lac
448 987 665 1090 succusque
682 991 902 1067 baccarum.
952 993 1077 1070 Cibus
1097 989 1151 1066 est
1173 1015 1270 1080 caro,
1292 991 1371 1092 plu·

366 1127 517 1204 rimum
536 1123 684 1201 ferina:
715 1151 805 1201 nam
830 1127 1027 1227 gregibus,
1053 1127 1175 1230 (quia
1194 1125 1236 1201 id
1255 1124 1370 1202 solum

327 1263 550 1363 ‘topimum
573 1257 656 1356 est)
685 1261 798 1360 quod
819 1260 965 1362 potest,
994 1265 1179 1363 parcitur.
1221 1262 1370 1348 luterio-

364 1403 427 1474 re's
455 1397 573 1470 etiam
604 1397 810 1486 incultius,
852 1393 1075 1497 sequuntur
1102 1399 1194 1499 vagi
1224 1417 1368 1497 pecora:

364 1545 491 1631 utque
516 1553 538 1604 a
559 1533 708 1632 pabulo
736 1531 853 1608 ducta
875 1529 986 1623 lunt,
1025 1535 1080 1608 ita
1105 1530 1144 1608 se
1167 1559 1209 1607 ac
1227 1531 1369 1632 tuguria

363 1663 432 1744 sua
460 1683 722 1768 promovent:
768 1683 897 1767 atque,
930 1668 1002 1742 ubi
1024 1667 1109 1744 dies
1134 1665 1282 1756 deficit,
1319 1664 1368 1738 ibi

363 1817 524 1878 noctem
547 1817 680 1902 agunt.
738 1809 986 1907 Quanquam,
1013 1804 1057 1878 in
1073 1800 1240 1879 familias
1255 1798 1368 1902 pallim

364 1953 405 2012 et
424 1935 505 2012 fine
530 1938 618 2037 lege
644 1933 821 2036 disperii,
857 1937 962 2012 nihil
986 1941 1030 2013 in
1054 1961 1267 2014 commune
1287 1959 1368 2011 con·

362 2069 527 2148 sultant:
573 2086 726 2159 tamen,
767 2072 862 2170 quia
890 2070 1053 2171 fingulis
1075 2074 1238 2173 aliquot
1267 2067 1368 2147 simul

361 2208 563 2306 coniuges,
581 2219 620 2280 et
636 2207 771 2305 plures
788 2207 840 2282 ob
861 2205 905 2280 id
926 2206 1042 2282 liberi
1057 2211 1265 2309 agnatique
1278 2205 1367 2292 lunt,

326 2360 563 2442 &nusquam
594 2342 719 2439 pauci.
784 2345 843 2416 Ex
870 2339 951 2429 his,
996 2344 1067 2441 qui
1095 2345 1202 2419 ultra
1236 2339 1367 2418 deserta

360 2473 435 2552 elle
462 2477 753 2565 memorantur,
786 2475 960 2550 Atlantes
980 2473 1105 2554 [olem
1126 2477 1367 2562 exsecrantur,

360 2629 400 2690 et
424 2611 524 2689 dum
548 2612 690 2699 uritur,
720 2626 759 2685 et
777 2609 877 2687 dum
901 2611 1058 2700 occidit,
1087 2631 1136 2689 ut
1157 2613 1247 2716 ipfis
1262 2612 1367 2714 agris·

360 2775 440 2850 que
463 2745 705 2850 pestiferum.
749 2747 928 2836 Nomina
949 2745 1093 2846 singuli
1111 2775 1196 2827 non
1215 2749 1366 2824 habent:

359 2911 444 2962 non
485 2879 700 2958 vescuntur
745 2881 999 2957 animalibus:
1057 2907 1191 2983 neque
1229 2884 1305 2958 illis
1329 2881 1368 2954 in

359 3019 506 3118 quiete,
529 3017 659 3115 qualia
678 3017 815 3092 ceteris
834 3017 1080 3104 mortalibus,
1103 3017 1230 3094 vilere
1253 3016 1366 3093 datur.

322 3149 650 3251 6Tr0glodytae,
686 3150 889 3226 nullarum
927 3178 1052 3252 opum
1083 3151 1259 3242 domini,
1293 3148 1368 3225 stn'·

358 3286 454 3363 dent
474 3289 609 3387 magis,
638 3309 757 3383 quam
780 3285 1017 3385 loquuntur,
1045 3284 1185 3386 specus
1198 3285 1367 3368 subeunt,

322 3425 602 3522 7alunturque
646 3416 903 3520 serpentibus.
973 3421 1091 3522 Apud
1131 3427 1367 3499 Garamantas

357 3560 475 3634 etiam
514 3570 688 3633 armenta
724 3552 834 3644 sunt,
875 3581 1000 3656 eaque
1031 3557 1197 3656 obliqua
1226 3554 1367 3632 cervice

356 3691 587 3794 pascuntur3
638 3715 731 3764 nam
765 3691 903 3790 pronis
942 3690 1089 3766 directa
1128 3696 1169 3766 in
1203 3694 1367 3768 humum

357 3853 508 3905 cornua
536 3823 726 3934 officiunt
783 3827 903 3901 Nulli
933 3841 1036 3900 certa
1065 3853 1168 3903 uxor
1196 3825 1263 3901 est.
1316 3825 1368 3898 Ex

356 3964 439 4054 hie,
481 3963 653 4062 quitum
676 3955 842 4038 confuso
873 3977 1084 4061 parentum
1114 3963 1225 4037 coitu
1246 3955 1368 4061 paffim

352 4097 578 4200 'incertique
606 4095 841 4185 nascuntur,
881 4121 984 4196 quos
1021 4095 1204 4198 proluis
1233 4094 1366 4176 colant,
