2868 4930
205 363 268 426 DE
297 357 411 426 mli
448 363 597 427 ΟΜΝ
626 365 718 426 un
745 366 771 426 Ι.
814 367 847 429 0.
868 367 926 430 m.
1053 384 1079 450 ῃ

407 543 443 624 C
471 545 507 622 A
534 547 576 621 P.
628 545 707 624 ΙΙΙ.

174 729 352 807 Breuis
390 725 627 829 Europae
664 720 952 839 descriptio.

141 951 295 1050 Europa
312 948 504 1026 terminos
518 947 638 1024 habet
658 947 707 1024 ab
723 951 878 1027 oriente
893 951 1072 1044 Tanaim,
1092 975 1111 1024 r

73 1097 105 1160 et
124 1083 339 1175 Maeotida,
374 1097 414 1159 et
445 1087 632 1175 Pontum3
671 1109 696 1160 a
720 1083 890 1160 meridie
918 1085 1076 1188 reliquo

72 1215 177 1296 nostri
211 1221 352 1310 mario3
411 1218 460 1296 ab
500 1209 705 1295 occidente
745 1219 1011 1314 Atlanticum,
1050 1247 1075 1300 a

71 1349 328 1454 septemtrione
344 1355 619 1430 Britannicum
635 1357 850 1430 Oceanum.
887 1359 965 1432 Ora
984 1358 1075 1436 eino

70 1483 366 1568 formularum
386 1513 409 1564 u
428 1489 554 1565 Tanai
576 1487 627 1563 ud
648 1489 966 1590 Hellespontum,
994 1516 1075 1590 qun

70 1623 154 1723 n‘pc
168 1621 220 1698 est
243 1623 343 1700 dicti
373 1625 518 1713 omnic,
562 1648 643 1725 qua
664 1620 812 1700 flexum
841 1623 1000 1724 paludis
1022 1621 1087 1731 od,

70 1760 223 1836 Pontum
255 1758 419 1862 redigit,
461 1783 541 1860 qua
574 1755 814 1858 Propontidi
849 1772 889 1833 et
920 1760 1075 1838 Helles·

70 1909 177 1993 ponto
194 1897 315 1971 latere
337 1893 507 1985 adiacet,
534 1892 740 1973 contrariis
758 1891 945 1978 litoribus
962 1893 1074 1972 Aliae

70 2053 140 2106 non
160 2029 336 2132 obpolitu
356 2028 500 2120 modo,
537 2027 822 2106 verumetiam
844 2026 981 2108 fimilis
1005 2027 1072 2108 est.

70 2163 150 2240 lude
164 2165 213 2242 ad
227 2171 390 2244 Fretum
407 2191 517 2242 nunc
532 2159 637 2239 vaste
655 2175 829 2252 retracta,
853 2187 964 2240 nunc
978 2189 1111 2266 pro-o

71 2300 226 2390 mineus,
265 2314 343 2376 tres
364 2301 557 2378 maximoe
577 2295 683 2376 finus
706 2294 843 2386 efficit,
883 2297 1074 2378 totidem·

70 2457 134 2532 que
149 2437 190 2512 iu
201 2437 330 2512 altum
342 2430 381 2510 se
395 2435 547 2536 magnis
562 2431 765 2512 frontibus
782 2431 927 2510 evehit
955 2439 1075 2512 Extra

71 2567 212 2648 Fretum
237 2569 289 2646 ad
312 2567 559 2648 occidentem
588 2567 808 2668 inaequalis
840 2565 1075 2662 admodum,

72 2707 265 2808 praecipue
295 2701 446 2794 media,
482 2704 703 2805 procurrit:
747 2699 798 2778 ad
827 2699 1077 2804 septemtrio·

18 2937 20 2946 Ι
72 2863 166 2930 nem,
197 2837 275 2916 nifi
293 2838 367 2915 ubi
380 2837 500 2914 semel
519 2837 748 2936 iterumque
769 2835 911 2938 grandi
928 2833 1076 2918 receffu

72 2971 284 3064 abducitur,
315 2997 440 3074 poene
456 2989 501 3051 ut
518 2971 670 3050 directo
687 2971 815 3047 limite
834 2986 988 3048 extenta
1009 2969 1074 3082 est,

71 3105 188 3198 More,
229 3108 344 3208 quod
375 3109 507 3208 primo
543 3105 633 3185 finu
669 3107 832 3208 accipit,
872 3107 1109 3208 Aegoenmu

74 3238 225 3334 dicitur:
283 3240 397 3343 quod
429 3240 631 3344 sequenti,
671 3243 717 3318 in
753 3267 843 3332 ore,
890 3242 1077 3319 lonium:

73 3377 349 3468 Hadriaticum,
394 3378 583 3454 interius:
641 3378 755 3478 qnod
791 3378 959 3466 ultimo,
1003 3399 1078 3460 noo

20 3515 21 3522 '
73 3511 252 3604 Tuscum,
289 3511 397 3588 Graii
419 3511 678 3613 Tyrrhenum
701 3511 921 3614 perhibent
971 3513 1117 3606 Gen-4

74 3645 159 3722 tium
187 3649 317 3750 prima
340 3643 395 3722 est
422 3645 601 3747 Scythia,
640 3647 716 3722 alia
739 3673 863 3748 qnam
888 3645 992 3722 dictu
1012 3643 1103 3736 est..

75 3801 93 3852 a
110 3785 227 3859 Tanai
252 3783 298 3862 in
323 3780 456 3856 media
476 3777 601 3858 terme
622 3783 779 3858 Pontici
796 3783 948 3872 lateris3
984 3780 1080 3856 hinc

75 3911 111 3988 in
134 3919 275 4018 Aegaei
296 3931 448 4018 portem
477 3915 681 4016 pertinens
703 3915 871 3996 Thracia
893 3912 1081 3994 Macedo·

76 4049 152 4124 niae
171 4051 414 4152 adiungitur,
460 4053 569 4133 Tum
586 4051 746 4128 Graecia
770 4053 982 4152 prominet,
1006 4049 1082 4124 Ao·

684 4181 751 4256 lo
798 4199 803 4208 ·
