2856 4926
320 445 451 498 xxxvr
576 425 640 483 DE
678 420 952 483 POMPONIO
992 423 1126 484 munt

325 596 373 690 ²⁹)
388 591 516 695 scatere
535 615 604 688 pro
621 588 817 679 abundare,
843 589 947 686 quod
968 589 1202 689 reprehendit
1227 591 1272 682 ³⁰)
1286 599 1370 668 Ver.

328 715 469 806 derius,
512 709 603 786 fuso
629 711 801 812 quidem,
837 711 1010 814 ³¹)flan'm
1043 712 1092 787 de
1120 713 1291 790 locorum
1318 715 1370 792 vi·

327 862 434 914 omre.

403 1079 487 1155 Alio
502 1100 568 1174 per
584 1074 619 1149 se
632 1075 783 1174 quidem
798 1093 835 1150 et
850 1073 1060 1176 [impliciter
1078 1077 1162 1152 satis
1180 1077 1266 1152 suut
1286 1095 1369 1152 noro

330 1219 368 1277 et
386 1199 632 1298 frequentata,
661 1196 723 1272 sed
744 1225 790 1271 ex
809 1224 910 1272 nexu
936 1217 973 1272 et
994 1200 1255 1274 coniunctione
1281 1193 1371 1272 inso-

328 1321 526 1398 lentiorom
542 1318 703 1392 formam
716 1319 893 1411 induunt,
913 1321 1032 1394 veluti
1047 1329 1115 1392 alia
1130 1331 1223 1398 mira,
1243 1319 1287 1406 ³²)
1300 1348 1371 1412 oper

331 1455 415 1518 aliae
436 1452 612 1522 virtutum,
650 1441 708 1513 uti
731 1441 882 1539 quidem
903 1443 1019 1542 vulgo
1040 1443 1195 1540 legitur,
1221 1442 1261 1532 ³³)
1283 1451 1371 1512 atita

332 1597 355 1640 a
376 1573 485 1638 ceteris
505 1581 627 1654 agunt,
663 1569 798 1632 Graecia
826 1583 920 1632 uecta
946 1572 980 1633 in
1012 1571 1186 1645 meridiem,
1214 1562 1372 1667 frustrari

247 1765 251 1772 ,
331 1697 466 1780 navigio
481 1705 514 1756 et
532 1705 660 1766 ventos,
684 1683 790 1786 saeva
813 1691 964 1768 nomina,
993 1693 1143 1758 immanis
1153 1684 1276 1786 farao,
1302 1705 1370 1756 rata

331 1817 419 1883 terr'a
437 1835 506 1908 pro
525 1823 617 1880 tuta.

307 2103 310 2109 2
406 2047 568 2123 Mirifice
590 2063 690 2120 amat
712 2063 903 2148 captetque
929 2047 1205 2122 terminationes
1225 2055 1373 2126 Graecae

332 2171 603 2266 verborumque
622 2167 826 2243 structuras.
878 2175 924 2243 In
937 2170 1013 2242 illis
1027 2171 1213 2244 numerari
1231 2171 1373 2267 poliunt

333 2301 475 2382 Europe,
498 2291 545 2384 ³⁴)
558 2298 721 2382 Europen,
746 2297 934 2393 Palaestine,
964 2299 1068 2375 Crete,
1090 2307 1229 2372 Armene,
1251 2301 1371 2374 Scione,

332 2419 484 2508 Mende,
501 2411 729 2512 iiroffaloniee,
755 2403 876 2516 Perfer,
901 2419 1145 2503 Androphagoe,
1173 2422 1283 2504 Tyros,
1314 2423 1373 2506 Cy·

331 2561 419 2626 pres,
447 2534 583 2635 Gnoses,
606 2543 709 2607 Delos
726 2552 764 2608 et
776 2533 920 2623 fimilio,
942 2533 1006 2609 etsi
1020 2536 1061 2606 in
1078 2536 1148 2624 his,
1174 2535 1277 2634 quod
1297 2536 1374 2634 qui·

331 2655 419 2730 dem
439 2656 582 2729 codices
608 2657 761 2746 docent,
792 2675 965 2755 perpetua
988 2675 1025 2728 et
1043 2656 1272 2728 immutabili
1296 2659 1374 2756 lego

332 2773 506 2877 adstringi
528 2779 662 2852 noluit.
711 2779 812 2850 Hinc
827 2785 1015 2859 Hermiona,
1039 2785 1197 2864 Scorpio,
1222 2782 1373 2878 Cisrhena

331 2919 369 2976 et
383 2901 563 3000 quaedum
575 2901 666 2988 ulia5
691 2899 779 2973 hinc
795 2908 966 2991 Pyramus,
985 2895 1232 2997 Peloponnesus,
1253 2905 1374 2988 Ophio-

374 3154 429 3224 29)
455 3169 482 3215 ι,
506 3167 535 3224 9,
558 3161 587 3219 3.
606 3166 635 3207 et
655 3148 736 3207 tlibi.
878 3164 923 3206 ter
944 3169 977 3206 ea
1005 3147 1113 3206 adferri
1138 3146 1263 3225 poffint,
1294 3151 1372 3208 debit

375 3237 429 3304 50)
451 3237 631 3290 incensione
651 3236 760 3310 antiqu.
777 3253 826 3291 tu·
876 3234 975 3290 index.

332 3335 404 3374 otor.
426 3339 454 3394 p.
473 3334 501 3389 7.
540 3322 625 3374 Putet
647 3319 742 3383 enim,
765 3339 826 3374 non
919 3321 973 3388 32)
1000 3339 1027 3382 1,
1049 3333 1077 3390 9,
1101 3337 1127 3374 ι.
1161 3317 1197 3373 ad
1220 3337 1310 3395 quem
1329 3317 1372 3377 lo·

330 3401 384 3456 nifi
407 3403 443 3458 de
471 3401 706 3459 humectantibus
730 3417 759 3458 et
780 3419 825 3456 re·
877 3421 944 3458 eum
960 3421 989 3457 v.
1005 3415 1112 3458 notata.
1318 3465 1323 3476 ‚

330 3485 528 3543 dundentibue
545 3486 658 3543 lutrinis
676 3487 744 3543 diei.
786 3490 826 3542 At
918 3489 972 3555 53)
998 3508 1024 3549 1,
1042 3503 1070 3559 9,
1089 3485 1117 3540 6.
1148 3484 1286 3542 Aliorum
1306 3505 1369 3543 ver·

328 3571 459 3645 ineptam
475 3571 528 3626 effe
550 3591 611 3625 earn
628 3571 825 3646 reprehenfio·
874 3569 983 3626 borum
1017 3569 1154 3646 deincepe
1194 3587 1369 3632 memorato·

265 3708 267 3715 ,
328 3673 397 3708 nem
426 3655 527 3710 docuit
555 3655 671 3716 Voffiue
701 3655 736 3709 de
765 3673 824 3711 orte
874 3673 940 3709 rum
955 3653 1049 3708 [edem
1065 3653 1157 3709 index
1171 3653 1307 3711 ostendet.

329 3739 457 3794 Gramm.
479 3737 532 3795 lib.
553 3761 579 3796 1.
599 3757 623 3795 c.
642 3748 689 3806 47.
709 3741 824 3794 etRoe·
918 3739 971 3808 54)
998 3758 1024 3802 t,
1044 3737 1105 3794 1.f.
1127 3753 1156 3801 2,
1173 3737 1200 3794 6.
1217 3754 1291 3794 extr.
1335 3742 1369 3794 In

327 3822 449 3876 zonicue
463 3823 494 3876 in
506 3823 646 3897 disquisit.
664 3822 738 3880 Plin.
747 3825 781 3878 T.
796 3845 822 3879 ι.
872 3820 997 3896 reliquie
1019 3821 1127 3881 cafibuo
1155 3821 1289 3876 Latinam
1313 3838 1369 3878 ter·

325 3923 356 3980 p.
373 3921 444 3962 221.
461 3905 625 3962 imberbem
642 3925 709 3962 eum
725 3909 820 3962 conio·
871 3907 1064 3962 minutionem
1092 3906 1202 3960 [errare
1238 3905 1368 3964 videtur.

324 4009 389 4044 rem
403 4005 499 4054 vocat,
521 3990 570 4044 cui
585 4007 718 4046 nontam
734 3990 820 4046 ande·
873 3991 968 4063 Quare
1004 3984 1159 4062 Palaestine
1192 3989 1302 4045 dicitur
1335 3990 1368 4045 in

325 4073 410 4138 eiam,
433 4093 520 4150 quam
534 4073 688 4130 amentiam
705 4075 819 4132 tribuit.
871 4075 936 4130 orsu
944 4091 1034 4138 recto,
1051 4074 1085 4128 in
1098 4072 1223 4148 obliquo
1238 4071 1368 4132 eblttiv'o

366 4160 422 4232 δι)
447 4179 475 4224 r,
489 4173 536 4220 ιε.
549 4175 622 4221 extr.
643 4160 724 4236 Quae
736 4179 820 4240 pree·
871 4153 1030 4236 Palaestina
1048 4179 1075 4227 1,
1094 4169 1141 4228 ιδ.
1162 4177 1187 4218 1·
1205 4169 1236 4239 ὄρ
