2816 4920
185 429 246 488 ua
277 429 389 488 srru
424 424 568 486 onars
604 425 696 486 rra
724 425 766 484 n
808 425 842 485 c.
863 427 921 484 nr.
1024 431 1069 500 ω

68 599 128 700 qui
158 597 324 701 angustis
357 595 559 686 faucibus,
600 610 640 672 et
668 602 771 698 qu'ae
801 595 936 673 minus
969 594 1067 672 mile

67 733 210 834 pellibus
255 749 434 836 pateant,
484 731 632 834 grande
676 732 840 836 pelagus
881 731 1063 808 admittit.

65 871 211 946 Faciunt
229 869 357 960 urbes,
379 894 480 971 quae
499 868 702 958 adsidun13
742 869 914 956 Actium,
938 869 1066 968 Argos

65 1005 321 1106 Amphilochi,
367 1005 591 1094 Ambracia,
634 995 895 1080 Aeacidarum
943 1026 1065 1104 regna

63 1141 279 1241 Pyrrhique.
335 1141 563 1218 Buthroton
586 1140 691 1216 ultra
709 1137 784 1216 est:
821 1137 968 1216 deindo
989 1139 1065 1216 Ce-

62 1277 176 1352 raunii
217 1291 393 1352 montes:
443 1275 491 1350 ab
527 1274 591 1350 his
628 1271 753 1352 flexus
781 1275 827 1352 in
861 1272 1062 1352 Hadriam,

61 1413 133 1485 Hoc
161 1435 267 1486 mare
298 1435 442 1512 magno
473 1407 621 1486 recellu
650 1411 816 1488 litorum
842 1425 1118 1511 acceptumst

61 1559 93 1619 et
111 1543 208 1626 valle
234 1545 401 1648 quidem
428 1548 474 1622 in
504 1545 758 1623 latitudinem
787 1561 944 1647 patens,
981 1571 1063 1647 qua

59 1695 235 1778 penetrat,
270 1695 402 1758 tamen
424 1677 589 1770 vastius,
621 1681 795 1782 Illyricis
812 1705 939 1781 usque
963 1687 1063 1758 Ter·

59 1811 211 1913 gallum,
252 1833 380 1895 cetera
414 1816 574 1894 Gallicis
612 1815 837 1918 Italicisque
874 1816 1066 1917 gentibue

60 1951 223 2050 cingitur.
290 1953 477 2028 Partheni
501 1965 540 2026 et
566 1948 780 2028 Dallaretae
811 1953 939 2053 prima
972 1953 1061 2030 eiua

60 2097 194 2163 tenent:
223 2085 427 2186 sequentia
440 2086 654 2177 Taulantii,
669 2087 894 2176 Encheliae,
914 2086 1062 2163 Phaea-

60 2242 117 2295 ces.
161 2221 321 2298 Deinde
348 2219 459 2312 lunt,
495 2247 597 2321 quos
616 2224 778 2324 proprie
803 2223 964 2325 lllyrioc
988 2243 1126 2310 νει-ιι*

59 2371 149 2431 aaut:
184 2372 272 2434 tum
293 2356 452 2456 Pyraei,
478 2371 518 2433 et
541 2358 730 2446 Liburni,
759 2374 799 2434 et
822 2357 942 2436 Istria.
982 2362 1063 2436 Ur·

58 2485 153 2564 bium
184 2493 314 2593 prima
349 2489 405 2565 est
439 2493 624 2582 Oricum,
670 2490 842 2569 secunda
880 2494 1092 2596 Dyrrha·-

58 2621 172 2701 chium
181 2653 192 2716 ς
220 2623 465 2726 Epidamnos
482 2641 571 2702 ante
588 2643 691 2705 erat:
720 2630 894 2706 Romani
909 2653 1060 2704 nomen

57 2773 261 2849 mutavere,
304 2759 418 2860 quia,
461 2762 573 2838 velut
614 2763 660 2838 in
698 2761 891 2850 damnum
928 2763 1063 2852 ituris,-

58 2915 157 2968 omen
171 2895 215 2970 id
229 2891 364 2970 visum
380 2891 445 2969 est.
502 2897 615 2972 Ultra
633 2895 726 2974 lunt
739 2898 966 2998 Apollonia,
992 2901 1113 2991 εει-15

57 3022 143 3118 lona,
168 3029 314 3118 ladera,
337 3030 514 3120 Narona,
533 3035 789 3134 Tragurium,
818 3029 925 3109 smus
946 3033 1060 3109 Pola·

56 3159 157 3254 ticus,
191 3179 232 3240 et
248 3165 353 3254 Pola,
383 3163 587 3264 quondam
601 3191 624 3240 a
638 3167 813 3262 Colchis,
841 3183 888 3243 ut
909 3165 1060 3258 ierunt,

56 3291 225 3389 habitata,
253 3301 322 3396 (in
353 3315 549 3414 quantum
574 3325 636 3378 res
666 3301 912 3398 transeuntl)
947 3328 1059 3382 nuno

56 3429 216 3509 Romana
239 3435 408 3512 colonia.
466 3439 614 3514 Amnes
631 3452 763 3514 autem
781 3439 879 3514 Aeas
896 3452 937 3516 et
958 3439 1058 3530 Nar,

56 3577 88 3638 et
98 3568 315 3666 Danubius,
335 3571 408 3669 qui
421 3571 501 3646 iam
518 3569 649 3648 dictus
664 3569 719 3648 est
736 3569 850 3648 Ister:
878 3569 947 3649 sad
959 3574 1060 3650 Aeas

55 3691 256 3782 secundum
279 3707 553 3808 Apolloniam,
586 3707 674 3783 Nar
695 3709 801 3784 inter
823 3711 997 3810 Pyraeos
1017 3721 1058 3784 et

7 3863 8 3936 p
54 3833 258 3931 Liburnos,
291 3865 365 3943 per
385 3837 503 3918 Istros
526 3837 622 3916 Ister
645 3843 851 3928 emittitur.
909 3847 1057 3942 Terge-

56 3961 155 4061 stum,
180 3975 326 4052 intimo
344 3977 390 4054 in
405 3973 495 4057 linu
506 3973 676 4058 Hadriae
696 3971 826 4068 fiturn,
853 3971 942 4054 linit
959 3976 1059 4078 llly·
1127 4037 1129 4045 Α

58 4123 177 4184 noum.
