2816 4920
134 445 194 501 oa
224 441 334 500 mu
370 439 514 500 onata
546 443 636 500 ata.
664 443 688 500 1.
732 441 764 500 c.
785 443 898 504 xvtn.
987 455 1028 520 35

40 631 72 691 ct
93 615 244 703 Simois,
278 611 400 703 fama,
437 638 557 712 quam
585 627 743 702 natura,
781 615 930 690 maiora
952 612 1029 692 flu·

39 753 136 828 mina.
187 746 272 850 Ipse
293 773 410 826 mons
438 764 570 824 vetere
596 749 793 824 Divarunr
819 751 1067 846 certaminea

39 901 69 960 et
82 886 224 961 iudicio
241 883 390 961 Paridis
406 897 665 973 memoratus,
695 885 887 960 orientem
905 881 1028 961 lolem

40 1021 139 1110 aliter,
166 1045 284 1121 quam
304 1021 348 1094 in
363 1019 449 1094 aliis
471 1020 584 1095 terris
599 1017 699 1096 solet
717 1017 876 1120 adspici,
901 1017 1029 1095 osten·

39 1171 86 1229 tat
128 1159 311 1256 Namque
344 1179 392 1229 ex
421 1151 578 1230 summo
608 1157 755 1232 vertice
781 1155 868 1230 eius
891 1152 1029 1255 specu·

37 1289 199 1382 lantibus,
241 1315 367 1393 paene
402 1315 424 1364 a
453 1289 585 1364 media
613 1305 730 1366 nocte
761 1287 890 1392 spargi
916 1291 1028 1391 ignes

35 1425 217 1528 pallimque
247 1427 411 1515 micare,
447 1441 506 1514 et,
543 1439 589 1502 ut
615 1425 687 1500 lux
722 1425 1028 1528 adpropinquat,

34 1560 75 1632 ita
100 1563 198 1636 coire
227 1587 272 1636 ac
299 1559 339 1634 le
366 1560 609 1659 coniungere
639 1559 853 1649 videntur,
899 1558 1027 1636 donec

34 1697 133 1795 magis
160 1699 364 1797 magisque
399 1695 579 1798 collecti,
622 1697 826 1795 pauciores
858 1695 1027 1772 subinde

34 1843 62 1901 et
73 1857 141 1905 una
156 1831 203 1906 ad
217 1828 463 1933 postremum
481 1827 637 1904 flamma
656 1827 826 1904 ardeant.
865 1835 917 1906 Ea
933 1856 1026 1906 cum

34 1961 88 2038 dia
107 1967 199 2040 clara
225 1982 266 2041 et
291 1964 480 2041 incendio
504 1965 640 2040 similis
663 1960 828 2055 effulsit,
863 1967 969 2067 cogit
986 1963 1026 2040 se

33 2119 65 2169 ac
93 2102 294 2191 rotundat,
336 2115 375 2176 et
410 2097 456 2176 fit
482 2103 622 2201 ingens
651 2100 804 2199 globus.
875 2103 962 2178 Diu
990 2103 1025 2178 is

34 2256 168 2334 quoque
208 2235 369 2338 grandis
410 2253 449 2311 et
489 2237 602 2312 terris
638 2235 813 2312 adnexus
843 2215 1023 2337 adparei:

34 2364 150 2446 deinde
179 2374 388 2473 paullatim
418 2368 662 2460 decrescens,
702 2386 741 2445 et
773 2388 922 2472 quanto
956 2371 1025 2446 de·

34 2499 156 2594 crescit,
184 2532 234 2583 eo
260 2508 402 2584 clarior
418 2505 530 2607 fugat
550 2505 753 2582 noviffime
776 2521 952 2595 noctem,
986 2521 1026 2581 et

34 2659 102 2714 com
129 2641 192 2718 die
218 2645 301 2720 iarn
330 2641 389 2719 sol
418 2640 563 2730 factus,
609 2641 826 2718 adtollitur.
907 2645 1060 2730 Extra5

35 2765 133 2850 finum
157 2775 248 2862 lant
272 2779 451 2855 Rhoetea
473 2775 608 2864 litora,
650 2777 834 2851 Rhoeteo
858 2789 898 2848 et
923 2779 1024 2850 Dar-

34 2901 123 2983 dania
151 2915 264 2993 claris
294 2914 461 2991 urbibus
468 2938 480 3002 3
526 2913 654 2987 Aiacis
684 2927 816 2986 tamen
841 2908 1023 3014 sepulcro

32 3047 172 3122 maxime
192 3047 372 3126 illustria.
431 3049 492 3124 Ab
515 3047 578 3124 his
598 3043 642 3122 fit
665 3049 786 3122 artius
802 3070 922 3136 mare,
949 3070 1023 3120 nec

32 3175 91 3252 iam
103 3182 221 3260 adluit
236 3201 367 3274 terras,
390 3182 462 3259 'sed
482 3181 619 3259 rursus
636 3179 833 3270 dividens,
857 3178 1022 3281 angusto

33 3311 251 3418 Hellesponti
268 3319 370 3396 freto
385 3321 478 3394 litus
494 3318 662 3394 obvium
682 3314 811 3405 findit,
836 3313 1023 3418 facitque,

33 3447 215 3532 utiterum
237 3473 383 3547 terrae,
413 3479 492 3556 qua
516 3449 626 3543 lluit,
655 3454 775 3530 latera
797 3449 884 3530 lint.
