2816 4920
232 335 296 392 DE
331 333 444 392 ΜΠ
477 332 626 392 ORBIS
661 335 749 392 mn.
776 339 801 394 1.
842 338 875 396 C.
898 337 980 400 XIV·
1077 345 1117 406 2⁷

110 505 341 595 venerabile,
388 520 428 579 et
454 503 562 604 quoii
592 529 685 581 curn
713 505 849 605 aliquo
875 507 1044 582 numine
1071 503 1112 582 se

110 639 273 718 ostentat.
331 639 445 716 Alius
467 640 572 715 ultra
595 637 669 728 est,
698 663 820 739 quem
841 641 1152 741 Typhoneumli

108 790 257 882 vocant,
288 799 357 852 ore
380 771 563 874 angusto,
597 788 636 849 et
666 775 844 849 multum
866 777 885 871 (
892 791 939 850 ut
962 777 1113 876 experti

106 909 316 1008 tradidere)
339 905 499 1009 prellus,
527 925 567 984 et
582 909 634 985 ob
654 906 698 984 id
715 905 876 986 adsidua
890 923 1005 986 nocte
1023 907 1112 988 sub-

27 1081 32 1232 }
104 1039 224 1130 fusus,
265 1068 400 1142 neque
435 1071 614 1144 unquam
648 1027 817 1145 perspici
843 1040 991 1122 facilis:
1032 1042 1112 1136 led,

105 1179 188 1278 quia
205 1178 419 1278 aliquando
444 1179 575 1258 cubile
592 1179 804 1282 Typhonis
819 1175 921 1269 fuit,
953 1194 994 1256 et
1017 1180 1111 1278 quia

25 1263 29 1382 l
103 1337 202 1387 nunc
233 1295 459 1388 demillain
488 1312 528 1389 le
553 1301 761 1389 confestim
789 1315 1005 1403 exanimat,
1043 1339 1112 1390 na·

102 1462 181 1522 tura
213 1445 430 1548 fabulaque
468 1446 760 1532 memorandus.
834 1453 930 1526 Duo
965 1447 1112 1525 deinde

100 1586 367 1683 promontoria
387 1581 498 1674 lunt,
525 1580 748 1685 Sarpedon,
784 1579 874 1659 linis
896 1581 1111 1684 aliquando

100 1720 206 1817 regni
232 1717 493 1818 Sarpedonis,
536 1731 575 1793 et
600 1716 713 1816 quod
741 1719 923 1796 Ciliciam
951 1741 972 1791 a
1000 1721 1113 1792 Pam·
1235 1737 1241 1762 ¹

99 1853 231 1954 phylin
262 1851 489 1954 distinguit,
521 1855 807 1928 Anemurium:
854 1853 1044 1951 interque.
1066 1876 1111 1926 ea

100 1987 322 2064 Celenderis
352 2002 393 2063 et
420 1986 618 2088 Nagidos,
660 1989 883 2064 Samiorum
911 1986 1112 2078 coloniae3

100 2119 160 2200 led
180 2121 411 2204 Celenderis
434 2121 654 2226 Sarpedoni
674 2125 851 2226 propior.

435 2443 469 2521 C
498 2443 532 2520 A
560 2446 602 2520 Ρ.
659 2445 771 2520 XIV.

257 2627 945 2686 IAMPHTLIA·

174 2806 223 2880 In
247 2805 482 2908 Pamphylia
510 2803 565 2880 est
593 2807 740 2895 Melas,
774 2801 1008 2904 navigabilis
1031 2795 1146 2878 liu-1

97 2937 205 3032 vius3
250 2939 448 3040 oppidum
471 2939 561 3016 Sida
569 2968 580 3032 ;
622 2941 720 3015 alter
743 2935 893 3014 fluvius
916 2941 1111 3036 Euryme·
1214 2987 1217 2996 i

98 3071 185 3150 don.
245 3078 392 3175 Magna
415 3072 523 3175 apud
548 3098 643 3148 eum
667 3075 867 3163 Cimonis,
895 3069 1112 3148 Athenien·

98 3205 194 3285 sium
213 3207 346 3296 ducis,
380 3204 566 3284 adversus
590 3207 806 3284 Phoenicas
829 3223 869 3283 et
890 3203 1021 3284 Persas
1042 3229 1112 3282 nn·

97 3343 192 3430 valis
215 3357 487 3443 pugnantque
509 3344 676 3420 victorin
700 3340 792 3420 fuit.
856 3347 992 3432 Mare,
1027 3365 1110 3443 quo

98 3493 315 3578 pugnatum
337 3474 411 3565 est,
445 3501 493 3552 ex
514 3475 623 3554 edito
646 3476 866 3555 admodum
890 3477 992 3555 colle
1017 3501 1123 3578 pro··

97 3609 236 3712 spectat
263 3610 486 3714 Aspendos,
526 3638 646 3714 quam
671 3615 810 3714 Argivi
839 3611 1110 3698 condiderant,

97 3743 295 3846 polledere
316 3743 488 3822 finitimi.
525 3746 683 3824 Deinde
698 3749 767 3824 alii
789 3746 872 3826 d'uo
889 3743 1147 3824 validillimio

98 3879 230 3971 fluvii,
261 3879 414 3958 Cestros
437 3897 478 3956 et
499 3882 782 3960 Catarrhnctes:
822 3881 976 3961 Cestros
999 3880 1112 3956 navi·

98 4019 179 4117 gari
196 4013 341 4108 incili&
369 4015 449 4108 hic,
465 4019 561 4120 quia
577 4015 617 4095 [e
633 4019 874 4122 praecipitat,
894 4019 949 4092 ita
971 4011 1110 4092 dictus.
1178 4003 1182 4016 ’
