2868 4930
310 407 407 460 xciv
566 389 629 450 DE
669 389 939 451 contuitio
981 391 1115 450 Mete

310 555 599 637 emendatiorem
619 555 821 654 promittit,
847 553 875 630 fi
895 557 1028 630 melior
1042 557 1150 632 datus
1165 555 1277 632 fuerit
1292 583 1346 634 co·

311 681 394 756 dex.
428 679 524 754 Usua
544 678 626 752 sum
642 677 844 774 exemplari
863 676 1005 775 egregie
1024 677 1163 768 dotato,
1188 681 1285 778 quod
1305 705 1348 754 ex

310 803 419 877 libris
441 799 582 889 sirleti,
608 797 827 888 Cardinalia,
857 797 897 870 in
920 797 1181 873 bibliothecam
1201 807 1346 874 Senatui

311 917 503 1021 Lipfieniia
524 920 745 994 nancietum
759 936 847 1009 erat,
872 943 1090 1016 mecumque
1111 919 1348 994 liberaliffime

312 1041 643 1116 communicatum.
702 1045 748 1112 Iu
769 1065 813 1112 eo
836 1039 937 1114 enim
959 1041 1186 1138 adscripscrat
1205 1045 1265 1116 vel
1284 1043 1350 1116 Sir·

312 1165 413 1237 letus
436 1161 527 1257 ipsa,
559 1163 675 1235 homo
695 1157 938 1249 doctissimua,
963 1165 1024 1235 vel
1047 1165 1141 1236 alius
1168 1163 1204 1256 ¹⁵)
1223 1162 1348 1260 aliquia

313 1284 500 1358 luculenta
519 1299 700 1381 praeterea
720 1305 836 1356 manu
857 1283 1084 1357 conlationes
1106 1284 1274 1358 codicum
1288 1291 1350 1358 Va·

314 1404 526 1478 ticanorum
554 1403 735 1501 quinque,
770 1426 927 1499 quorum
948 1421 1022 1478 trau
1050 1405 1190 1501 priorea
1211 1403 1351 1476 fuerant

314 1524 600 1614 membranacei,
634 1541 724 1598 tunc
745 1523 895 1620 quidem
915 1549 1099 1600 annorum
1113 1527 1255 1599 circiter
1271 1547 1364 1614 aon·

314 1647 373 1720 uti
387 1664 559 1720 notatum
577 1662 672 1734 erat,
697 1661 848 1741 quartus
873 1669 1092 1744 papyraceus
1114 1669 1198 1734 250.
1218 1647 1350 1720 ciruitu

315 1793 518 1856 annorum,
544 1765 589 1838 de
606 1767 738 1863 quinto
760 1765 857 1838 nihil
872 1765 1092 1866 adscriptum
1106 1769 1244 1843 iuveni.
1277 1767 1351 1840 Sin·

316 1890 398 1988 guli
421 1890 472 1961 ita
503 1885 615 1987 ignia
648 1886 801 1986 adpictia
831 1882 989 1958 distincti
1022 1905 1142 1978 erant,
1183 1906 1228 1962 ut
1251 1887 1351 1961 facile

317 2007 481 2108 dignosci
496 2005 645 2102 poliant,
665 2024 919 2104 praeterquam
936 2007 1001 2106 ubi
1017 2009 1201 2108 geminata
1219 2027 1351 2108 praeter

316 2151 461 2202 morem
474 2126 625 2199 solimm
646 2125 904 2201 difficultatem
921 2129 1145 2204 obiecerunt.
1194 2127 1353 2229 Largiffi·

316 2271 420 2322 mam
458 2243 604 2320 mess'em
640 2249 808 2320 tulerunt
840 2249 958 2322 codex
982 2273 1013 2322 ι.
1047 2251 1208 2349 optimae
1239 2272 1351 2342 notae,

318 2388 356 2442 et
373 2391 405 2457 3.
422 2363 608 2464 pessimae,
647 2367 768 2441 iudice
789 2370 900 2441 etiam
923 2373 1117 2446 Perizonio
1136 2372 1182 2446 ad
1207 2397 1240 2463 ι,
1264 2399 1296 2464 u,
1318 2395 1349 2462 5.

315 2485 500 2588 Progenie
511 2505 579 2560 ant
592 2513 741 2585 parent,
766 2507 829 2562 aut
846 2489 1003 2565 suboleo.
1045 2499 1215 2569 Ceterum
1228 2497 1268 2569 in
1282 2497 1352 2569 hne

316 2611 428 2685 huiua
450 2609 624 2684 editionis
644 2612 818 2710 leguntur
840 2612 950 2686 verba
971 2615 1157 2712 impraffnm
1180 2627 1353 2690 Florentiae

318 2761 377 2823 per
400 2737 546 2801 haeredes
571 2739 718 2822 Philippi
743 2741 862 2801 ernras
889 2761 975 2804 aneto
996 2739 1214 2809 MDXXVI.
1266 2738 1351 2811 Inda

316 2877 406 2929 vero
435 2852 674 2952 discrepantia
706 2853 928 2950 opinionum
960 2855 1117 2952 expendi
1144 2873 1181 2928 at
1206 2857 1353 2946 ,definiri

317 2969 445 3072 potest,
467 2997 560 3069 quae
577 2969 703 3067 pamm
717 2975 905 3067 reperitur.
940 2971 1081 3049 Ernesti
1096 2976 1197 3050 enim
1214 2999 1251 3052 et
1266 2991 1353 3078 Kap-

317 3093 403 3191 piua
417 3094 459 3164 in
474 3092 528 3194 ed.
540 3093 660 3164 Melae
673 3094 784 3166 altare
799 3111 929 3166 notant
943 3117 1084 3168 anntrm
1102 3118 1210 3186 1527.
1237 3101 1353 3175 Fabri.

319 3221 400 3286 ciue
414 3212 456 3284 in
471 3209 590 3284 solini
602 3210 825 3286 editionibus
838 3212 1018 3289 reoenfitit
1031 3245 1067 3315 p.
1083 3221 1167 3306 623.
1190 3240 1228 3293 et
1242 3227 1353 3320 Hage-

318 3359 383 3410 πω
398 3357 427 3404 c.
446 3333 472 3404 l.
493 3331 656 3406 referunt
674 3332 721 3406 ad
743 3340 1007 3422 annum1526.
1059 3340 1225 3415 Priorem
1245 3343 1353 3442 igitur

319 3477 461 3528 annum
481 3449 588 3550 fiqui
608 3455 786 3545 indicent,
813 3473 909 3529 recte
922 3459 1154 3554 reprehendit
1169 3468 1353 3536 Creveuna

319 3575 360 3648 in
370 3575 568 3672 Catalogue
581 3575 750 3648 raisonne'
766 3617 816 3636 -
837 3579 916 3650 Vol.
928 3599 961 3665 5.
976 3603 1010 3675 p.
1024 3603 1083 3652 ao.
1107 3579 1170 3654 etii
1184 3582 1352 3656 iniuriam

320 3695 410 3770 facit
430 3694 656 3788 Maittairio,
684 3697 750 3796 qui
768 3698 810 3770 in
829 3697 951 3773 indice
970 3716 1066 3774 recte
1087 3719 1194 3774 notat
1218 3727 1355 3779 annum

365 3999 419 4077 ¹5)
439 4001 610 4059 Perizoniur
633 3999 718 4066 adr,
740 4019 768 4076 9,
788 4016 816 4072 7.
865 3995 1047 4063 bibliotheca
1061 4003 1112 4062 illa
1134 4008 1354 4074 maritimorum.

323 4097 353 4143 at
364 4085 439 4145 alibi
451 4086 609 4146 Goetainm
623 4088 765 4154 noman
780 4087 816 4145 da
866 4087 957 4149 dubia
978 4107 1073 4151 umen
1093 4089 1158 4153 tide.
