2816 4920
182 394 245 454 DE
279 391 390 453 mu
423 385 567 450 onata
602 391 761 451 ult-tt.
804 391 837 450 C.
861 395 914 456 IV.
1018 391 1059 454 61

49 565 239 670 phyriona
272 579 314 640 et
342 563 564 653 Bruttium,
603 557 877 653 Consentiam,
913 563 1063 642 'Caulo-

51 705 170 792 niam,
196 705 427 798 Locrosque
448 693 676 774 circumdat
721 699 770 772 In
784 699 941 774 Bruttio
960 696 1065 790 sunt,

52 839 242 915 Columna
263 834 437 934 Rhegia,
464 832 689 934 Rhegium,
722 831 872 932 Scylla,
899 834 1065 910 Tauria·

53 997 162 1061 num,
196 986 238 1047 et
261 973 506 1048 Metaurum.
564 968 669 1042 Hinc
688 967 734 1042 iu
755 965 932 1044 Tuscum
956 993 1103 1062 mares

52 1106 100 1182 est
125 1104 275 1196 flexus,
323 1119 363 1180 et
392 1101 573 1180 eiusdem
600 1115 725 1177 terrae
754 1101 857 1180 latus
885 1106 1065 1184 alterum.

52 1241 241 1330 Madame,
264 1241 414 1342 Hippo,
440 1261 551 1314 nunc
565 1237 711 1327 vitan,
737 1239 911 1331 Temese,
935 1243 1067 1322 Clam.

52 1380 166 1477 petia,
201 1374 372 1464 Blanda,
407 1377 655 1463 Buxentum,
684 1374 816 1464 Velio,
843 1377 1067 1470 Palinurus,

54 1514 142 1588 olim
161 1511 330 1614 Phrygii
354 1508 649 1612 gubernatoris,
675 1533 786 1584 nunc
802 1511 884 1587 loci
905 1539 1067 1604 nomen,

53 1645 252 1724 Paestanus
282 1644 408 1734 sinuo,
448 1639 624 1718 Paestum
663 1644 879 1744 oppidum,
918 1649 1068 1726 Silerus

54 1785 181 1873 onmis,
209 1783 398 1869 Picentia,
433 1783 582 1867 Petrae,
616 1803 713 1879 quas
738 1780 893 1858 Sirenes
918 1781 1069 1860 habita·

55 1943 157 2008 rere,
184 1919 398 1996 Minervae
417 1915 766 2014 promontorium,
793 1915 927 1992 omnia
942 1921 1069 1994 Luca·

55 2053 133 2130 niae
148 2053 257 2144 loca;
292 2048 399 2127 finus
413 2048 666 2138 Puteolanus,
693 2051 942 2144 Surrentum,
957 2057 1070 2130 'Her-

56 2190 280 2276 calmetam,
306 2181 470 2260 Vesuvii
486 2185 634 2260 montis
659 2181 846 2286 aspectus,
874 2191 1069 2290 Pompeii,

57 2325 251 2426 Neapolis,
278 2318 450 2408 Puteoli,
473 2318 582 2395 laona
600 2319 801 2396 Lucrinus
817 2337 857 2398 et
873 2326 1068 2418 Avernus,

56 2459 177 2549 Baiae,
211 2451 438 2543 Misenum,
473 2451 544 2556 (id
571 2478 681 2530 nunc
707 2453 807 2544 loci,
852 2459 1068 2558 aliquando

57 2591 211 2696 Phrygii
245 2589 387 2666 militie
420 2561 596 2688 nornen)
632 2591 802 2678 Cumae,
847 2592 1070 2684 Liternum,

58 2728 268 2805 Volturnus
283 2725 421 2812 amnia,
445 2722 688 2802 Volturnum
706 2724 915 2826 oppidum,
938 2751 1069 2804 amoe-

59 2885 100 2934 na
117 2861 354 2963 Campaniae
371 2859 507 2948 litora;
538 2853 725 2947 Sinuessa,
750 2859 867 2949 Liris,
892 2861 1069 2938 Mintur-

60 3021 134 3088 nae,
160 2995 357 3083 Formiae,
390 2991 538 3080 Fundi,
569 2995 799 3086 Tarracina3
840 2995 972 3072 Circes
995 2994 1070 3073 do·
1143 2981 1147 2990 ’

60 3155 156 3222 mue,
190 3128 408 3230 aliquando
440 3128 605 3218 Circeii,
644 3131 832 3220 Antium,
869 3130 1071 3232 Aphrodi-

62 3260 167 3358 stum,
195 3267 345 3355 Ardea,
377 3267 645 3353 Laurentum,
678 3261 803 3354 Ostia,
836 3269 931 3340 citra
951 3267 1072 3342 Tibe·

62 3401 129 3474 rim
148 3403 194 3478 in
215 3401 296 3479 hoc
318 3401 438 3474 latere
460 3395 572 3474 sunt:
614 3399 719 3476 ultra
746 3399 888 3500 Pyrgi,
922 3401 1071 3492 Minio,

63 3531 230 3612 Castrum
252 3559 430 3629 novum,
465 3529 688 3623 Graviscae,
716 3532 835 3625 Cosa,
864 3534 1071 3626 Telamon,

67 3672 296 3771 Populonia,
324 3669 490 3759 cecina,
518 3665 644 3758 Pisae,
677 3666 837 3748 Etrusca
861 3684 900 3744 et
923 3670 1011 3746 loca
1031 3685 1072 3748 et

63 3808 234 3898 nomina3
281 3803 428 3881 deinde
449 3809 566 3882 Luna
587 3804 802 3904 Ligurum,
836 3819 875 3880 et
899 3805 1071 3905 Tigulia,

64 3951 96 4012 et
116 3941 271 4032 Genua,
303 3957 345 4016 et
363 3939 534 4030 Sabatia,
565 3954 605 4014 et
627 3937 944 4040 Albingaunum
981 3955 1071 4016 tum

63 4071 175 4156 Paulo
192 4090 233 4152 et
249 4076 400 4154 Varum
422 4071 611 4167 flumina,
648 4087 817 4178 utraque
837 4073 885 4152 ab
901 4073 1071 4178 Alpibus
