2816 4920
201 403 263 463 na
296 401 406 462 arro
442 400 589 464 orare
625 403 716 464 rra.
744 403 786 464 rr.
828 381 913 465 cr?
1039 407 1080 482 42

67 571 399 676 Scytharumque,
426 575 516 675 quia
537 571 684 676 huguli
707 575 817 652 oculi
839 570 914 652 elle
940 571 1082 652 dicun·

76 722 152 796 tur,
187 705 432 810 Arimaspoe:
475 709 524 786 ab
550 711 607 786 eia
634 705 844 788 Elledones
873 733 1002 810 neque
1030 707 1082 786 ad

76 840 275 919 Maeotida
332 844 465 920 Huius
490 839 640 922 flexum
661 847 787 922 Buces
812 846 939 922 amnia
960 841 1080 922 secat:

76 975 271 1078 Agathyrli
301 993 341 1054 et
371 979 623 1058 Sauromatae
652 979 851 1070 ambiunt;
885 980 979 1080 quta
1003 1003 1082 1081 pro

73 1107 221 1190 sedibus
256 1109 426 1215 plaustra
460 1113 626 1206 habent,
673 1113 772 1192 dicti
799 1113 1080 1192 Hamaxobioe.

74 1247 236 1348 Obliqua
265 1265 363 1327 tuno
396 1249 447 1326 ad
466 1254 690 1351 Bosporum
719 1249 832 1352 plaga
855 1273 1081 1340 excurrens,

73 1382 192 1460 Ponto
219 1408 264 1458 ac
287 1385 491 1464 Maeotide
519 1383 753 1462 includitur.
818 1387 866 1460 lu
890 1383 1114 1486 paludemz

74 1521 263 1618 vergentia
303 1521 507 1598 Satarchae
552 1534 710 1596 tenent:
767 1519 813 1594 in
854 1521 1081 1620 Bosporum

72 1650 297 1730 Cimmerion
313 1655 474 1756 oppida,
496 1655 765 1756 Myrmecion‚
783 1653 1080 1755 Panticapaeon,

72 1783 303 1878 Theodolia,
338 1785 600 1868 Hermifium:
649 1789 695 1865 in
723 1790 928 1866 Euxinum
958 1811 1080 1880 mare,

71 1923 233 2000 Taurici.
293 1925 422 2026 Super
440 1949 508 2002 eoa
528 1921 636 2001 smus
659 1921 896 2025 portuosus,
925 1937 965 2000 et
985 1921 1081 2002 ideo

72 2058 172 2142 tall,
195 2061 297 2158 λιμὴν
321 2059 559 2161 appellatur,
597 2059 885 2160 promontoriis
918 2057 1081 2137 duobue

72 2191 295 2270 includitur.
365 2193 549 2272 Alterum
590 2202 697 2293 necao·
729 2199 880 2294 μέτωπον
921 2207 1081 2284 vocant,

72 2327 313 2416 Carambico,
340 2327 453 2429 quod
469 2329 515 2405 in
531 2325 617 2405 Atta
635 2327 830 2420 diximus,
858 2353 929 2431 par
949 2342 989 2403 et
1011 2325 1081 2406 ad·

61 2459 239 2540 tersum:
268 2461 510 2540 Parthenion
531 2462 708 2541 alterum.
749 2462 956 2566 Oppidum
973 2461 1081 2543 adit·

73 2610 126 2670 cet
145 2595 371 2686 Cherrone,
406 2597 579 2674 aDiana
602 2595 682 2700 (iic
709 2597 911 2698 creditur)
940 2597 1081 2676 condi·

72 2742 168 2819 tum,
200 2747 241 2806 et
257 2729 501 2831 Nymphaeo
522 2729 658 2835 specu,
691 2729 804 2832 quod
820 2731 864 2808 in
886 2756 974 2807 arce
992 2733 1081 2810 eiua

72 2863 267 2967 Nymphis
282 2863 473 2941 heretum
489 2864 557 2957 est,
578 2869 749 2945 maxime
770 2863 933 2944 illustre.
964 2863 1118 2952 Subita

73 3011 149 3074 tum
170 3000 300 3102 ripam
328 3023 453 3088 mare,
491 3017 531 3078 et
556 2999 685 3080 donec
712 3003 895 3102 quinque
918 3001 1081 3077 milium

73 3127 183 3234 lpatio
198 3129 294 3210 ahlit
310 3157 332 3208 a
346 3133 569 3225 Maeotide,
597 3131 833 3236 refugienda
847 3160 974 3238 usque
989 3132 1082 3211 suh-

74 3261 227 3369 leqaens
260 3269 396 3361 litora,
438 3268 571 3371 quoad
610 3269 813 3346 Satarchae
845 3283 886 3346 et
918 3268 1082 3348 Taurici

74 3415 216 3497 tenent,
255 3427 380 3506 paene
405 3401 577 3480 insulam
604 3401 747 3480 reddit.
827 3401 947 3512 Quod
975 3405 1081 3480 inter
1126 3455 1132 3468 ·

63 3538 252 3638 paludem
279 3555 321 3616 et
344 3537 477 3620 sanum
502 3537 576 3631 est,
620 3539 800 3642 Taphrae
828 3538 1091 3617 nominatur:-

73 3667 171 3784 ,mus
205 3674 431 3756 carciairer.
496 3677 544 3752 lu
580 3699 630 3754 eo
665 3675 763 3753 urba
799 3671 855 3750 est
892 3672 1078 3752 Carcine:

74 3829 182 3904 quam
211 3807 297 3888 duo
332 3803 519 3900 flunrina,
567 3807 740 3886 Gerrhot
777 3823 818 3884 et
852 3807 1080 3908 Hypacaria,

74 3963 150 4016 uno
164 3941 264 4021 ostio
280 3939 496 4032 effluentia,
509 3941 739 4046 adtingunt3
763 3967 908 4020 rerum
918 3937 1080 4021 diversa

74 4069 267 4170 loutihna,
301 4095 342 4158 at
366 4073 531 4190 aliunde
549 4073 714 4184 delapsa
777 4079 885 4158 Nam
907 4075 1081 4161 Gerrhos
