2816 4920
328 341 371 415 44
596 329 864 400 ,ιουνοΝιι
905 288 1107 392 uenae

331 499 529 593 adlidere,
557 496 742 580 demerita
759 503 805 578 iu
824 503 996 580 humma
1017 497 1187 591 sedibus,
1212 493 1338 602 specus

331 654 402 720 eut
427 632 597 723 subsella
627 635 825 728 habitant,
863 651 992 715 totum
1020 636 1166 712 bracati
1196 658 1340 736 corpur,

281 790 393 866 rtet,
420 771 495 852 ulfi
511 797 590 873 qua
612 771 772 862 vident,
800 773 918 850 etiem
936 795 1005 848 ore
1022 769 1164 848 vestiti.
1216 769 1341 857 Tauri,

333 909 564 1013 Iphigeniae
585 921 625 982 et
643 905 788 984 Orestia
811 905 988 984 adventu
1009 908 1179 982 merome
1204 927 1342 981 memo·

336 1045 432 1133 rati,
466 1045 658 1119 immanes
695 1040 789 1120 sunt
827 1041 1025 1132 moribus,
1061 1042 1343 1136 immanemque

338 1177 483 1256 famam
510 1176 678 1266 habent,
720 1174 847 1256 solere
873 1202 949 1278 pro
978 1177 1153 1254 victimis
1189 1174 1345 1250 advena

341 1311 513 1388 caedere.
570 1309 746 1390 Basilidis
772 1309 820 1386 ab
841 1311 1013 1388 Hercule
1038 1327 1077 1388 et
1096 1309 1274 1388 Echidna
1291 1329 1347 1408 ge·

341 1446 449 1526 neria
475 1445 671 1548 principia
694 1441 807 1537 lunt,
837 1469 968 1523 morea
993 1447 1113 1548 regii,
1144 1468 1254 1554 arma
1275 1458 1349 1516 tau·

236 1655 238 1660 .
342 1596 431 1658 tum
448 1577 615 1682 sagittae.
666 1581 765 1684 Vagi
783 1578 988 1657 Nomades
1008 1603 1203 1682 pecorum
1219 1576 1350 1681 pabula

345 1713 580 1817 lequuntur,
602 1731 722 1818 atque
738 1730 785 1792 ut
802 1717 869 1794 ille
885 1714 1040 1806 durant,
1065 1717 1123 1792 ita
1141 1713 1214 1792 diu
1232 1711 1350 1788 statum

346 1848 479 1926 sedem
516 1866 650 1953 agunt
729 1851 883 1930 Colunt
920 1852 1066 1952 Georgi
1102 1863 1351 1946 exercentque

348 2008 472 2086 agros.
540 1986 724 2075 Axiacae,
765 1983 893 2064 furari
921 1982 1022 2088 quid
1051 1981 1117 2075 tit,
1159 1987 1350 2086 ignorant:

349 2119 522 2222 ideoque
549 2145 624 2198 uec
646 2117 718 2199 sua
740 2115 991 2210 custodiunt,
1026 2142 1101 2197 uec
1124 2120 1251 2195 aliena
1272 2137 1353 2192 cou-

297 2255 523 2356 intingunt.
580 2255 750 2330 Interius
773 2251 1037 2332 habitantium
1060 2254 1161 2332 ritus
1187 2251 1354 2356 asperior,

352 2401 393 2464 et
407 2388 600 2466 incultior
619 2389 730 2491 regio
748 2387 821 2466 est.'
854 2390 962 2466 Bella
982 2387 1198 2490 caedesque
1219 2397 1354 2463 amant:

228 2573 231 2582 ·
352 2549 521 2625 mosque
536 2525 790 2622 bellantibus,
816 2548 999 2602 cruorem
1020 2526 1121 2614 eiua,
1148 2547 1268 2624 quem
1285 2517 1357 2622 pri·

352 2683 468 2735 mum
485 2659 785 2749 interemerunt,
803 2655 894 2760 iplis
907 2682 931 2733 e
943 2659 1182 2736 vulneribus
1203 2655 1355 2732 ebibere.

353 2795 409 2870 Ut
431 2795 603 2896 quiaque
632 2796 769 2896 plures
791 2796 1054 2885 interemerit,
1090 2796 1146 2870 itu
1176 2791 1281 2893 apud
1301 2808 1359 2862 ece

354 2927 525 3006 habetur
546 2931 736 3007 eximius:
773 2945 948 3006 ceteutm
969 2943 1171 3030 expertem
1194 2921 1266 3002 elle
1288 2943 1359 3000 cae·

357 3059 439 3151 dis,
469 3063 574 3138 inter
592 3062 806 3166 opprobrie
822 3063 889 3138 vel
912 3062 1142 3138 maximum.
1201 3061 1266 3137 Ne
1287 3053 1359 3133 foe·

254 3179 258 3188 ¹
358 3195 453 3274 dere
470 3197 636 3296 quidem
658 3199 862 3274 incruente
879 3194 990 3289 suut;
1026 3193 1202 3273 saucient
1222 3192 1272 3283 le,
1298 3187 1359 3290 qui

358 3327 630 3436 paciscuntur,
678 3347 958 3431 exemtumque
1000 3327 1253 3432 sauguinem,
1298 3319 1361 3400 ubi

358 3463 640 3570 permiscuere,
669 3463 884 3567 degustant.
940 3464 988 3544 Id
1006 3481 1148 3566 putent
1171 3457 1360 3542 mansurae

292 3580 294 3586 λ
358 3599 453 3678 fidei
476 3602 624 3701 pignus
645 3599 906 3686 certiffimum.
964 3603 1072 3678 luter
1092 3600 1247 3701 epulas,
1273 3602 1361 3696 quot

360 3736 530 3835 quisque
556 3731 808 3826 interfecerit,
834 3733 993 3825 referre,
1021 3731 1217 3812 laetillima
1238 3746 1275 3805 et
1295 3723 1362 3802 fre·

361 3865 605 3972 quentiffima
639 3871 814 3948 mentio:
866 3871 1053 3972 binisque
1080 3865 1263 3970 peculia,
1300 3854 1363 3960 qui

362 4005 557 4108 plurimos
575 4004 768 4096 retulere,
795 4018 1015 4110 perpoteut
1065 4006 1103 4084 le
1121 4005 1226 4082 iuter
1242 3998 1364 4076 iectu·
