2856 4926
276 407 403 455 nxxvr
522 387 586 444 DE
628 385 898 444 ΡοΜ-ΡΟΝΙΟ
943 387 1079 446 ΜΕιΔ

273 556 346 630 fixa
381 551 430 628 est
461 553 654 626 Hermolai
687 551 835 626 Barbari
870 549 1048 648 praefatio
1079 552 1126 624 ad
1159 554 1322 630 Alexan·

273 679 456 750 druntVl.
480 675 591 748 Liber
606 679 634 745 1.
651 673 760 746 habet
771 673 887 772 capite
902 676 936 744 6.
958 678 1005 745 11.
1025 695 1059 760 5.
1082 681 1146 747 111.
1160 697 1195 767 4.
1223 702 1320 774 quae

271 817 375 872 textu
391 797 499 870 linito
517 796 558 869 in
579 796 704 868 tabula
726 794 971 888 capitulorum
991 795 1203 870 summatim
1223 797 1319 872 refe-

270 937 416 994 runtur.
452 917 742 992 Adlocutionem
760 916 800 988 in
817 914 891 988 fine
906 916 1040 1014 repetit
1056 917 1169 992 editio
1189 921 1319 1018 proxi·

268 1067 339 1116 ma.
375 1041 552 1114 Hunrmal
570 1064 599 1112 c
622 1039 649 1110 1.
671 1037 862 1133 repetitam
878 1061 958 1110 eam
975 1035 1041 1112 elle
1053 1057 1159 1136 putat
1176 1041 1213 1112 in
1233 1041 1316 1130 itta,

269 1189 360 1264 quae
375 1163 398 1234 l.
415 1164 442 1235 l.
458 1179 494 1234 et
513 1187 541 1232 a.
558 1155 677 1231 emissa
693 1157 794 1232 foliis
809 1155 946 1231 confiat
963 1183 1022 1248 53.
1058 1162 1171 1256 Atqui
1186 1163 1317 1238 eadem

143 1283 145 1290 ’
268 1286 318 1362 el't
337 1274 528 1359 Hermolai
554 1280 702 1354 Barbari
731 1297 815 1351 ante
840 1279 1031 1380 descripta,
1072 1283 1175 1358 cuiue
1200 1285 1316 1359 etiam

266 1409 443 1484 lectiones
466 1403 718 1503 amplectitur,
750 1400 882 1472 iisdem
904 1403 1003 1499 saepe
1029 1405 1119 1478 adeo
1139 1404 1313 1502 adspersis

265 1530 386 1617 vitiiS,
416 1545 459 1599 ut
476 1537 583 1617 picto,
607 1523 753 1624 sonitum
766 1521 975 1620 frabricant,
1000 1555 1093 1614 perae
1111 1525 1312 1608 etliutilla.

264 1647 492 1728 Rarillimam
511 1645 587 1734 elle,
610 1645 696 1716 inde
713 1645 872 1740 adparet,
895 1648 996 1741 quod
1012 1649 1184 1746 ignorant
1198 1649 1315 1720 Mait-

263 1775 392 1850 ttirius
413 1789 450 1844 et
472 1768 656 1844 Fabricius
680 1761 845 1839 Ernestii.
898 1775 981 1864 Quo
1004 1771 1142 1866 gratius
1165 1769 1311 1858 accidit,

261 1895 365 1995 quod
391 1893 470 1965 eius
502 1891 646 1988 copiam
673 1886 758 1958 feeit
792 1886 1015 1962 bibliotheca
1041 1891 1310 1963 Sclrwartziana

261 2013 447 2090 Altdorfii.
498 2007 653 2082 Poffidet
672 2033 752 2080 eam
773 2009 885 2081 etiem
908 2011 1128 2086 bibliotheca
1142 2012 1309 2086 Caesarea

203 2215 208 2222 ,
260 2129 563 2212 Vindoboncnlie.
598 2159 601 2168 ¹

574 2355 631 2421 15.
694 2339 728 2406 S.
754 2337 781 2406 l.
812 2355 920 2422 1502.
956 2351 992 2428 4.

335 2511 374 2575 Ρ.
392 2507 483 2573 Meta
502 2495 759 2598 Cofinographus
779 2503 819 2566 de
830 2501 904 2596 situ
929 2505 1012 2570 orbis
1032 2507 1198 2570 Hermolot'
1217 2509 1302 2572 Bar·

256 2632 329 2697 bari
341 2629 484 2725 fideliter
500 2625 693 2690 emendatus.
744 2619 874 2690 Aversa
897 2621 1027 2715 pagina
1050 2622 1185 2718 legitur
1205 2629 1302 2696 Her·

254 2746 370 2822 melai
393 2742 567 2841 praefatio
589 2741 634 2812 ad
652 2741 901 2812 Alexandrum
917 2749 978 2813 Vl.
1030 2744 1200 2839 Sequitur
1221 2762 1301 2817 tex.

254 2887 317 2944 tue
344 2868 391 2942 ad
414 2865 567 2940 candem
587 2863 780 2934 Hermolai
805 2863 1006 2936 editionem
1034 2863 1297 2955 conformatus,

251 2989 417 3089 repetitis
431 2987 542 3058 etiam
558 2981 686 3080 ptffim
701 2982 813 3070 vitiis,
837 2984 888 3053 ita
904 3000 1037 3072 tamen,
1064 3003 1107 3056 ut
1121 2986 1297 3085 descripta

251 3110 296 3182 lit
313 3109 438 3207 potius
458 3133 505 3178 ax
527 3103 781 3203 praecedente,
816 3129 861 3174 ex
875 3131 945 3200 qua
962 3106 1073 3177 etiam
1091 3109 1131 3178 in
1144 3107 1218 3180 fine
1238 3136 1297 3182 re·

249 3229 344 3327 petit
379 3226 625 3324 capitulorum
665 3223 830 3294 tabulam
867 3243 904 3298 et
940 3227 1213 3300 adlocutionem
1246 3232 1295 3304 ad

249 3354 434 3437 lectorem,
461 3373 553 3446 quae
572 3346 744 3418 ultimam
759 3349 932 3443 paginam
951 3367 1114 3443 occupat,
1137 3351 1196 3421 his
1211 3352 1295 3447 qui.

249 3473 337 3546 dem
353 3471 474 3546 verbis
496 3468 651 3540 additis:
684 3495 768 3536 nunc
790 3467 948 3565 reviseret
960 3475 1103 3568 fideliter
1123 3481 1294 3544 emendata

248 3603 390 3686 miraque
410 3611 479 3660 arte
496 3587 642 3685 impreffa
661 3618 719 3677 per
742 3593 939 3659 Albertinum
958 3597 998 3658 de
1018 3593 1140 3688 lajano
1164 3599 1202 3664 V
1198 3602 1290 3663 ercal-

247 3713 361 3814 lensem
376 3719 495 3782 Foeliet'
511 3708 655 3809 auspicio
671 3715 735 3780 tibi
748 3739 833 3779 nunc
853 3719 1048 3798 impartitur.
1072 3717 1109 3782 V
1105 3721 1164 3784 ate.
1192 3725 1291 3795 Arme

246 3843 386 3910 Domini
405 3835 641 3934 Mcceccu,
662 3839 729 3900 Die
747 3836 855 3903 xtttt
875 3839 963 3904 Mai.
1016 3839 1158 3906 Praeter
1181 3835 1290 3927 vitia,

246 3983 339 4055 quae
363 3954 476 4028 traxit
500 3977 546 4024 ex
570 3951 835 4046 superioribus,
872 3953 1042 4028 admiscet
1071 3955 1142 4026 alia
1168 3958 1292 4030 multat

245 4103 357 4176 eaque
384 4077 467 4152 latia
493 4073 636 4175 gravia,
668 4092 712 4147 ut
736 4101 852 4153 marae,
874 4079 1013 4170 (mare)
1035 4081 1148 4182 segne,
1168 4077 1288 4176 (fine)
