2868 4930
223 419 284 478 os
319 421 431 480 stro
468 421 611 480 ossis
644 423 733 482 arr.
765 425 789 482 r.
832 425 941 491 etv.
1037 441 1092 506 .⁹

73 592 253 681 matium,
294 589 399 669 valla
442 589 498 668 ell
535 597 678 695 magis,
723 620 844 696 quam
887 592 1087 696 frequens.

82 732 192 816 Mare,
207 751 289 824 quo
305 728 493 828 cingitur,
511 754 533 803 a
549 725 844 830 septemtrione,
862 731 1086 832 Libycum

76 860 286 952 amendia,
314 862 616 980 Aethiopiqum3
646 867 695 940 ab
710 865 928 956 occidente,
953 867 1087 943 Atlan-

82 999 191 1072 ticum
205 996 387 1074 dicimua
445 1001 492 1074 In
505 1023 550 1074 ea
566 1015 694 1101 parte,
723 1026 825 1101 quae
844 999 998 1102 Libyco
1019 1001 1122 1082 aas

80 1134 174 1221 iacet,
199 1135 381 1234 proxima
396 1132 497 1210 Nilo
518 1136 738 1235 provincia,
767 1161 888 1236 quam
910 1139 1087 1236 Cyrenas

80 1284 227 1344 vocant:
274 1267 390 1359 dein,
427 1269 494 1346 oui
516 1271 647 1348 totius
684 1273 859 1373 regionis
886 1272 1085 1349 vocabulo

70 1427 286 1502 ,cognomen
315 1403 491 1478 inditum
517 1401 592 1493 est,
627 1403 770 1482 Asrioa.
828 1409 967 1484 Cetera
993 1409 1086 1490 Nu·

78 1537 193 1612 midae
207 1554 248 1613 et
265 1540 402 1616 Mauri
416 1555 573 1616 tenent:
602 1535 670 1615 sed
683 1542 819 1618 Mauri
834 1558 873 1616 et
890 1543 934 1618 in
950 1541 1085 1618 Atlan-

77 1673 186 1748 ticum
215 1675 378 1775 pelagus
410 1673 585 1776 expositi.
642 1675 754 1750 Ultra
779 1677 962 1776 Nigritae
992 1661 1106 1752 sunt'

77 1805 294 1884 cntharum
311 1835 438 1911 usque
453 1811 504 1886 ad
520 1809 743 1911 Aethiopas.
792 1812 846 1886 Hi
867 1825 907 1885 et
929 1811 1084 1910 reliqua

76 1940 184 2020 huius
211 1960 252 2019 et
273 1960 402 2020 totum
421 1945 541 2035 latus,
575 1943 685 2046 quod
701 1943 911 2020 meridiem
926 1941 1082 2045 spectat,

78 2093 189 2178 utque
220 2083 267 2156 in
293 2077 403 2156 Asiae
429 2077 601 2156 confinia
629 2077 830 2180 poffident.
883 2081 935 2155 At
963 2077 1119 2181 supera

78 2236 131 2303 ea,
157 2241 260 2315 quae
276 2215 430 2315 Libyco
451 2216 552 2289 mari
569 2213 808 2306 adluuntur,
840 2215 988 2317 Libyes
1007 2219 1083 2292 Ae·

76 2353 192 2449 gyptii
213 2348 327 2438 sunt,
356 2364 397 2424 et
417 2351 776 2451 Leucoaethiopes,
812 2367 852 2427 et
872 2353 982 2430 natio
1003 2349 1083 2428 fre·

75 2509 185 2582 quens
207 2486 500 2586 multiplexque
517 2487 684 2564 Gaetuli.
740 2487 900 2563 Deinde
922 2473 998 2562 late
1013 2513 1102 2572 vav

74 2634 125 2710 rat
138 2623 268 2722 regio,
295 2635 489 2720 perpetuo
509 2637 635 2697 tractu
650 2621 931 2728 inhabitabilis.
971 2626 1080 2698 Tum

75 2755 210 2850 primos
226 2755 277 2830 ab
295 2759 447 2833 oriente
466 2761 734 2846 Garamantas,
760 2755 846 2858 post
865 2757 1024 2857 Augilas
1041 2771 1081 2831 et

75 2860 345 2992 Troglodytas,
379 2905 419 2966 et
442 2893 604 2967 ultimos
628 2891 678 2965 ad
701 2890 881 2968 occasum
908 2892 1080 2966 Atlantas

74 3023 257 3102 audimus.
301 3031 406 3102 lntra
426 3025 479 3123 (sr
499 3025 657 3101 credere
674 3025 796 3127 libet)
822 3027 892 3104 vix
911 3027 987 3101 iam
1005 3025 1076 3104 ho·

69 3157 185 3236 mines
220 3163 427 3260 magisque
446 3159 638 3250 semiferi,
671 3163 907 3264 Aegipanas,
936 3179 976 3238 et
992 3164 1080 3240 Ble-

11 3331 12 3368 ;
73 3317 192 3396 myae,
225 3311 265 3370 et
286 3293 605 3396 Gamphasantes,
631 3309 670 3370 et
689 3299 837 3396 Satyri,
867 3297 948 3374 fine
968 3299 1078 3374 tectis

73 3449 109 3500 ao
128 3426 283 3506 sedibus
311 3430 442 3532 paffim
469 3432 580 3533 vagi,
612 3430 761 3514 habent
785 3433 922 3533 potius
946 3447 1079 3524 terras,

71 3583 174 3660 quam
196 3565 384 3642 habitant.

144 3839 249 3910 Haec
280 3833 432 3911 summa
465 3833 590 3914 nostri
624 3837 751 3926 orbis,
787 3837 862 3914 hae
886 3839 1113 3920 maximres

71 3985 206 4066 partes,
234 3971 308 4046 hae
325 3969 477 4075 formae
495 3987 712 4073 gentesque
731 3975 914 4074 partium.
955 3973 1079 4045 Nunc

73 4107 233 4184 exactius
249 4131 335 4185 oras
350 4105 524 4212 litusque
541 4106 700 4186 dicturo
717 4105 813 4184 inde
831 4104 885 4182 est
903 4127 1080 4182 commo·
