2816 4920
122 365 187 456 n'r
222 399 336 456 srru
366 397 509 456 orara
545 398 634 457 rra.
656 395 712 456 m.
755 401 788 456 c.
810 401 893 459 vm.
979 417 1036 459 201

30 567 211 670 perdurat
234 571 278 644 in
305 570 486 668 pelagus,
524 595 667 644 verum
691 571 830 670 ingens
851 569 973 646 modo
998 585 1037 646 et

29 705 269 804 navigabilis,
295 703 390 778 inde
405 704 536 778 tenuis
553 707 676 792 rivus,
703 703 906 804 despectus
927 725 1036 781 emo·

30 842 145 926 ritur,
180 853 220 912 et
235 865 431 937 nusquam
446 835 652 914 manifesto
675 840 783 914 exitu
805 835 954 926 effluit,
990 855 1038 914 ut

30 975 88 1047 alii
114 999 267 1062 amnes,
302 971 369 1046 sed
391 969 532 1046 deficit
592 973 769 1048 Alterum
793 974 895 1049 latus
916 969 1074 1048 ambit6

29 1109 154 1206 plaga,
190 1132 289 1204 quae
310 1109 413 1182 inter
435 1122 652 1205 utrumque
672 1109 833 1207 pelagus
854 1111 1034 1185 excurrit

28 1244 163 1316 Arabia
185 1241 346 1328 dicitur,
366 1267 587 1340 cognomen
603 1241 846 1331 Eudaemon,
865 1242 1036 1343 angusta,

28 1401 166 1450 rerum
189 1376 361 1450 cinnami
386 1391 425 1448 et
452 1376 552 1450 turis
582 1375 832 1474 aliorumque
863 1377 1036 1454 odorum

28 1511 191 1584 maxime
220 1507 336 1582 ferax.
408 1511 603 1584 Maiorem
627 1509 760 1584 Sabaei
787 1525 922 1584 tenent
949 1536 1037 1610 par·

28 1657 122 1732 tem,
153 1640 254 1718 ostio
274 1645 494 1742 proximam
511 1657 550 1716 et
564 1645 781 1719 Carmaniis
801 1645 1037 1719 contrariam

1 1778 169 1864 Macae.
227 1780 434 1865 Frontem,
474 1801 573 1875 quae
608 1779 713 1852 inter
746 1775 841 1854 ostia
865 1775 1037 1853 ostendi·
1117 1749 1124 1762 ο

28 1927 108 2001 tur,
133 1909 251 1986 iilvae
267 1927 476 2009 cautesque
493 1910 725 2012 exasperant
762 1914 926 2011 Aliquot
945 1910 1037 1986 sunt

1 2048 65 2121 ³in
87 2045 224 2122 medio
245 2041 393 2118 insulae
417 2043 527 2130 [itaet
576 2048 740 2147 OgyriS,
775 2045 885 2146 quod
916 2046 960 2118 in
991 2069 1037 2122 ea

26 2181 214 2280 Erythrae
232 2181 333 2278 regis
349 2196 656 2256 monumentum
677 2179 751 2268 est,
779 2181 901 2280 magis
924 2181 1037 2270 clara,

27 2339 143 2411 quam
164 2329 321 2388 ceterae.
379 2315 558 2390 Alterum
586 2311 715 2388 finum
737 2314 919 2414 undique
943 2318 1070 2396 Ara-7

1 2445 2 2460 ³
27 2448 90 2524 bes
114 2447 337 2546 incingunt,
389 2445 453 2522 Ab
477 2471 521 2520 ea
542 2463 669 2546 parte,
705 2471 805 2547 quae
829 2452 1037 2524 introeun-

27 2585 131 2660 tibus
153 2581 288 2656 dextra
303 2578 376 2668 est,
399 2581 516 2656 urbes
539 2580 650 2670 sont,
678 2583 803 2670 Cana,
831 2598 870 2656 et
886 2582 1037 2669 Arabia,

29 2734 64 2792 et
80 2716 295 2794 Gadamus:
330 2715 375 2790 in
394 2716 531 2804 altera,
560 2717 612 2790 abv
626 2717 770 2790 intimo
792 2716 938 2814 angulo
956 2713 1038 2812 pri-

1 2839 2 2842 *
29 2879 110 2941 ma,
137 2849 341 2937 Berenice,
376 2849 480 2924 inter
502 2852 845 2950 Heroopoiiticum
868 2864 906 2921 et
931 2844 1038 2922 Stro-

30 2986 174 3064 bitum:
217 2983 361 3060 deinde
389 2985 494 3060 inter
519 2985 793 3085 promontoria
819 2981 912 3062 Μυὸς
938 2979 1037 3075 ὅρμου

1 3209 2 3213 ¹
31 3137 67 3196 et
84 3119 255 3208 Coloba,
281 3119 490 3196 Philoteris
505 3135 545 3194 et
562 3120 788 3195 Ptolemais:
821 3115 924 3192 uitta
938 3108 1039 3186 Arsi·

31 3281 104 3330 noe
132 3269 171 3329 et
192 3255 267 3328 ulia
289 3255 493 3329 Berenice:
538 3269 623 3328 tum
643 3253 756 3340 silva,
790 3275 892 3350 quae
915 3247 1036 3322 hebe-

19 3415 126 3466 num
145 3388 364 3488 odoresque
381 3400 550 3488 generat,
571 3403 609 3460 et
626 3411 749 3462 manu
763 3383 886 3460 fectus
902 3381 1039 3469 anmie,

33 3525 201 3625 ideoque
222 3520 472 3610 referendus,
506 3519 616 3620 quod
639 3547 686 3594 ex
702 3521 791 3594 Nili
816 3519 929 3592 alveo
951 3514 1039 3590 dio·

34 3685 125 3760 ryge
147 3657 352 3734 adductus.
407 3661 522 3732 Extra
540 3653 687 3741 finum,
716 3677 857 3730 verum
873 3654 916 3725 in
930 3647 1073 3729 flexua

35 3809 170 3882 tamen,
198 3795 316 3866 etiarn
338 3815 422 3867 non
444 3788 617 3876 modico,
644 3788 774 3864 Rubri
792 3787 922 3874 maris,
950 3805 1038 3884 pars

35 3925 159 4002 bestiis
194 3922 333 4002 infesta
369 3924 543 4024 ideoque
578 3920 725 3998 deserta
760 3917 834 3996 est:
887 3934 1039 4018 partem

34 4061 218 4137 Panchaei
233 4059 422 4150 habitant,
450 4081 551 4161 quoe
568 4082 617 4132 ex
634 4055 749 4147 facto,
773 4058 867 4157 quia
884 4051 1040 4153 [erpen-

75 4215 173 4291 Pomp.
191 4211 287 4272 Mota.
474 4181 477 4189 Δ
692 4213 712 4259 t
