2868 4930
456 413 554 472 cu.
594 413 700 492 ΠΗ.
845 409 851 421 ’
965 433 1103 484 exuvtr

66 583 107 658 de
121 579 314 681 Margiana
334 601 367 670 t,
390 601 425 668 n,
446 595 483 672 4.
513 577 650 676 quippo
670 601 762 676 quae
791 575 905 655 deleri
929 583 1007 682 poll
1028 589 1107 686 ipse
1137 587 1141 594 '

66 721 227 802 cuperet,
252 721 296 776 ut
316 698 473 774 exsecta
492 701 767 798 comparatione
789 701 912 776 didici.
961 713 1005 780 ln
1028 709 1103 785 line

67 827 193 924 operis,
220 825 325 898 errius
339 822 451 896 etiam
462 821 573 895 verbe
587 824 738 919 repetita
749 821 813 896 dat
827 833 868 896 A„
880 831 1102 926 Gronovius,

67 945 268 1048 groviffime
294 944 478 1042 queritur,
512 943 613 1041 quod
635 944 676 1017 in
699 941 881 1040 poliremo
900 947 977 1022 fere
998 970 1106 1028 terra·

67 1095 145 1144 rum
177 1070 268 1142 orbe
290 1067 474 1166 relegatur
501 1063 676 1139 omnibus
701 1065 892 1142 literarum
919 1057 1105 1169 praesidiis

67 1185 256 1264 &tintus
273 1185 327 1277 lit,
353 1187 432 1260 otio
450 1184 495 1258 od
510 1184 752 1277 scribendum,
779 1191 881 1286 eopia
897 1195 1107 1269 emendato·
1253 1215 1256 1222 '

66 1337 146 1385 nrm
164 1309 355 1398 codicum,
378 1306 640 1382 consuetudine
654 1310 715 1382 vel
733 1310 964 1387 mediocriter
980 1317 1108 1390 docto·

66 1457 168 1522 rum,
193 1428 373 1528 speomni
393 1447 457 1502 aut
478 1431 739 1520 emolumenti,
765 1449 829 1503 aut
850 1433 1018 1524 honorio,
1045 1454 1110 1511 aut
1228 1427 1233 1438 ’

66 1553 237 1627 obscurae
255 1552 381 1624 saltem
401 1551 496 1649 grati
515 1547 632 1624 animi
655 1547 947 1649 fignificationie3
979 1557 1110 1630 multis

65 1673 212 1771 insuper
246 1671 542 1746 solicitudinibus
583 1689 622 1746 et
660 1671 905 1746 anxietatibus
944 1669 1110 1768 vexetur,

66 1821 160 1892 quae
183 1791 249 1890 ipli
268 1795 315 1866 ab
337 1792 496 1883 invidie,
529 1793 700 1892 ingratia,
733 1791 880 1890 perfidie
902 1813 938 1868 et
968 1795 1113 1871 scelera·

67 1915 214 1990 tiffimis
245 1913 461 1988 hominibus
489 1912 665 1986 conflatae
699 1912 848 1989 fuerint.
914 1919 1038 1992 Multa
1065 1919 1113 1994 iia

66 2035 274 2134 surripuisse
293 2037 519 2125 oliverium,
543 2033 646 2134 supra
666 2054 838 2110 notatum
858 2033 918 2111 est.
977 2037 1114 2138 Quodd

68 2158 368 2232 observationum
384 2157 535 2232 illarum
547 2157 594 2229 od
604 2158 744 2230 Melam
757 2158 956 2232 utilitatem
968 2160 1114 2257 spectet,

68 2279 181 2354 facile
201 2305 248 2352 ex
269 2279 318 2353 iis
342 2279 459 2352 elucet
485 2275 702 2375 sagacissime
723 2295 761 2350 et
785 2275 985 2352 neutillima
1007 2305 1115 2356 mene

7 2485 10 2504 ,
67 2401 255 2489 Pintiani,
288 2419 326 2474 et
349 2399 516 2474 doctrina
544 2397 761 2494 amplillimo
786 2417 823 2478 et
855 2403 1019 2490 exculta,
1053 2399 1117 2476 etfi

68 2523 227 2596 liberius
241 2519 341 2621 saepe
354 2523 394 2594 in
410 2535 596 2593 auctorem
617 2517 806 2619 graffrtur,
829 2539 867 2593 et
886 2545 979 2619 quae
998 2522 1116 2618 prima

69 2643 191 2744 specio
222 2645 338 2742 magis
365 2643 590 2731 adriderent,
623 2641 787 2738 reponit,
826 2665 919 2738 quae
951 2643 1119 2739 palatum

71 2765 262 2854 fastidiret,
278 2764 451 2854 extrudit,
467 2761 514 2836 lio
526 2779 570 2836 ut
584 2763 698 2836 modo
713 2761 854 2850 inserat,
870 2760 985 2834 modo
999 2762 1117 2850 tollat,

71 2887 224 2962 blendia
239 2886 365 2976 modo,
388 2885 502 2960 modo
517 2883 662 2957 idoneia
677 2884 902 2981 argumentis
917 2880 1014 2969 usua,
1032 2873 1119 2954 oum

71 3033 260 3106 nmquam
280 3009 415 3082 oodicit
438 3005 595 3080 consulti
614 3001 808 3102 vestigium
829 3019 1015 3092 cernatur,
1047 2999 1121 3076 line

73 3155 146 3229 qua
160 3153 232 3226 ope
244 3127 383 3201 lubrice
397 3127 608 3226 proceditur
621 3126 692 3216 via,
717 3123 784 3198 nifi
798 3127 868 3198 alia
883 3127 944 3200 vel
958 3125 1121 3199 invitum

72 3253 236 3324 trahant.
289 3250 442 3324 Gravius
474 3249 586 3324 illum
617 3247 663 3320 de
690 3247 852 3320 cavendo
879 3271 923 3320 eo
944 3247 1123 3344 intempe-

71 3370 219 3446 rantiae
232 3370 328 3443 vitio
344 3388 537 3443 monuerat
552 3368 753 3465 Sepulvede
774 3361 911 3466 epistol.
931 3389 1039 3458 3,15.
1064 3372 1122 3444 hio

7 3535 8 3568 5
73 3491 221 3566 verbist
255 3494 395 3590 „Quod
409 3495 448 3565 in
464 3487 668 3590 castigando
684 3495 722 3562 P.
738 3492 838 3562 Mela
855 3507 891 3562 to
905 3508 1123 3588 occupatum

76 3611 148 3687 elle
170 3612 313 3702 soritis,
346 3613 486 3713 gaudeo
502 3610 766 3708 confiliumque
784 3610 902 3706 probo
926 3653 973 3670 -
1001 3612 1060 3684 sed
1082 3631 1124 3682 ut
1237 3651 1240 3662 ·

73 3736 302 3824 humaniter,
326 3753 507 3832 quantum
521 3759 577 3810 ree
600 3733 767 3833 patietur,
793 3747 934 3823 tractet,
961 3751 997 3805 te
1019 3733 1125 3805 vehe-

75 3873 226 3929 menter
247 3879 339 3954 rogo
363 3895 413 3914 ·-
439 3873 553 3952 utque
574 3855 613 3926 in
635 3877 680 3928 eo
707 3847 913 3952 colligando
939 3872 1123 3926 auctorem

77 3977 256 4052 adhibeas
276 3978 498 4065 cioeronem,
525 3976 591 4074 qui
610 3976 728 4065 donet,
753 3999 903 4082 omnem
926 3972 1124 4072 celligetio·

78 4123 171 4172 nem
193 4095 419 4172 contumelia
436 4118 563 4172 vacare
583 4095 731 4184 debere3
765 4095 865 4193 quod
882 4117 1009 4168 vereor
1026 4095 1125 4190 equi·

717 4227 793 4302 ka
