2868 4930
305 409 400 459 xovt
550 393 613 451 DE
655 389 921 454 POMPONIO
966 394 1099 453 MELA

302 578 406 660 petet
430 555 570 634 arboris
595 557 731 657 figura,
771 582 882 655 quem
907 558 1025 632 ambit
1044 553 1182 634 tortilis
1201 558 1338 632 obortae

179 701 182 706 '
303 683 398 757 scida
415 681 474 756 his
494 679 618 755 verbis
638 677 831 778 inscriptae
864 689 989 750 unimam
1014 685 1174 781 arbustum
1195 705 1258 750 non
1279 689 1340 750 atie

303 813 384 876 dum
410 811 588 895 erythocos.
637 800 802 876 Editorie
829 803 977 874 nullum
999 797 1112 904 eistat
1139 797 1337 898 vestigium.

303 933 461 1012 Textus,
500 923 605 996 cuiue
635 922 848 995 varietatem
877 923 1021 1012 notavi,
1057 925 1272 1019 plerumque
1294 917 1339 993 est

303 1045 479 1131 Vediuni3
505 1069 593 1118 nem
606 1039 731 1140 paffim
746 1043 791 1113 ab
808 1043 876 1114 illo
892 1045 1036 1116 recedit.
1074 1043 1198 1140 Cupite
1218 1069 1339 1114 nume·

302 1187 431 1246 rentur
446 1191 491 1238 ex
500 1164 629 1239 ordine
642 1163 869 1260 superiorum
884 1169 1114 1260 quarundam
1129 1166 1339 1251 editionum,

304 1313 381 1390 quo
395 1288 490 1363 libet
503 1287 646 1384 primus
665 1283 776 1358 hebet
790 1309 849 1358 21.
876 1284 1054 1361 secundus
1075 1309 1108 1378 7.
1135 1290 1262 1362 tertius
1281 1309 1335 1359 ιι.

612 1507 821 1606 Friberg.
852 1527 961 1598 1533.
994 1527 1030 1600 4.

376 1673 613 1749 Mentionem
633 1669 745 1743 huius
768 1669 941 1743 editionis
963 1668 1052 1742 facit
1071 1670 1283 1746 Wilischius
1302 1671 1340 1744 iu

302 1796 546 1872 bibliothecae
568 1791 783 1890 Alteuburg.
815 1790 936 1864 indice
957 1797 1033 1885 (an.
1059 1796 1187 1883 1721.)
1210 1797 1339 1889 p.196.

304 1919 404 1992 uude
425 1917 534 1990 etiem
554 1912 620 1986 elii
640 1929 950 2002 commemorent,
978 1929 1021 1984 ut
1043 1919 1230 2011 Hagerus,
1252 1925 1340 2014 Kap-

302 2039 398 2137 piue.
435 2041 528 2110 Eam
542 2058 628 2105 cum
643 2035 710 2106 diu
731 2029 959 2130 quaesiissem,
987 2051 1034 2122 et,
1060 2053 1101 2105 ut
1114 2037 1340 2136 Altenburgo

305 2155 351 2228 ud
381 2179 443 2226 me
468 2154 693 2243 mitteretur,
726 2151 917 2251 rogaffem,
954 2155 1104 2227 tandem
1138 2153 1339 2254 graviffimo

304 2273 513 2378 testimonio
540 2275 690 2348 edoctus
718 2275 903 2362 intellexi,
940 2301 1096 2372 nusqam
1121 2279 1176 2350 ibi
1202 2305 1341 2376 compe·

304 2421 402 2487 rete,
435 2414 472 2468 et
496 2395 732 2468 Wilischium
766 2395 1007 2469 bibliothecae
1040 2399 1144 2471 illius
1178 2404 1340 2499 catalogo

303 2513 531 2615 adseripliffe,
573 2516 607 2589 se
639 2517 780 2589 multoe
814 2517 929 2589 libros
964 2517 1123 2590 absentee
1157 2537 1341 2617 tamqnam

303 2639 504 2738 praesentes
524 2635 729 2738 produxiss'e
748 2639 795 2710 ud
815 2637 1048 2734 complendas
1069 2663 1198 2716 eorum
1214 2641 1341 2730 clades,

303 2760 332 2835 li
360 2787 429 2860 que
460 2759 557 2835 forte
584 2762 663 2859 spes
696 2761 742 2832 iis
766 2757 940 2856 potiundi
965 2757 1166 2834 adfulfiss'et.
1207 2761 1342 2860 Lepide

304 2881 398 2956 leno

529 3153 593 3221 lv.
651 3157 812 3222 Attus
862 3157 1122 3226 olivarii.

609 3371 668 3443 37.
720 3357 754 3426 8.
780 3353 806 3424 l.
833 3371 877 3426 et
901 3377 967 3428 en.
1000 3377 1036 3445 3.

378 3527 417 3595 P.
443 3529 495 3594 M.
521 3553 593 3594 eum
623 3533 713 3595 Petri
736 3521 779 3615 ¹⁶)
797 3531 949 3606 olivarii,
990 3536 1055 3600 viri
1077 3539 1111 3600 in
1140 3536 1342 3622 Geogmpbia

304 3645 471 3743 doctiffini
483 3642 638 3742 scholitm
671 3644 746 3718 fine
762 3647 951 3720 mentione
966 3651 1040 3721 loci
1061 3670 1097 3723 et
1117 3652 1224 3740 euni,
1253 3674 1343 3749 quae

303 3789 350 3840 ex
372 3764 600 3852 dedicatione
624 3767 672 3842 td
701 3767 928 3842 Guliehnum
953 3771 1145 3862 Mainum,
1177 3769 1343 3845 liliorum

349 4010 402 4082 1⁶)
422 4005 525 4084 Vulgo
549 4010 654 4070 Oliver.
693 4011 764 4077 Vid.
785 4013 857 4072 bibl.
886 4013 1034 4078 valentin.
1054 4037 1084 4096 p.
1102 4027 1173 4086 585.
1203 4016 1258 4073 ubi
1279 4017 1341 4074 eiut

387 4095 447 4151 vite
469 4093 587 4170 legitur.
