2816 4920
205 436 268 495 na
299 431 412 494 stro
447 431 800 493 ursmarum.
843 437 938 500 cv.
1038 447 1082 520 ω

1 573 2 668 s
56 605 212 684 fluunt:
252 603 320 682 [ed
340 605 415 707 qui
435 602 581 680 famam
606 605 773 700 habent,
801 631 850 682 ex
870 607 1079 689 Cerauniis

1 725 12 804 1'
54 743 261 820 montibus
276 765 361 819 uno
377 731 493 818 alveo
513 737 736 832 descendit,
764 740 923 820 duobus
936 747 1017 820 exit
1031 747 1077 823 in

53 875 240 978 Caspium
264 875 410 956 cauus
476 878 619 952 Araxes
643 878 770 953 Tauri
790 877 911 955 latere
932 878 1112 968 demis-5

52 1011 136 1104 sus,
174 1011 308 1114 quoad
340 1035 499 1114 campos
529 1011 739 1087 Armeniae
773 1009 892 1105 secat,
926 1015 1075 1094 labitur

1 1139 2 1178 ³
50 1147 230 1248 placidus
245 1163 284 1222 et
300 1144 428 1235 mens,
456 1171 601 1247 neque,
619 1147 664 1220 in
681 1161 810 1223 utram
831 1163 983 1249 partem
999 1165 1074 1242 eat,

1 1313 3 1390 ᾗ
49 1307 282 1382 quanquam
330 1281 542 1370 intuearis,
586 1279 836 1360 manifestus:
894 1309 987 1360 cum
1026 1287 1073 1363 in

47 1415 246 1518 asperiora
268 1416 453 1507 devenit,
498 1415 595 1492 hinc
621 1427 740 1515 atque
766 1417 878 1492 illinc
900 1421 1072 1522 rupibus

1 1617 2 1620 ,
46 1549 220 1655 prestus,
263 1568 304 1628 et
339 1567 490 1654 quanto
533 1549 759 1653 angustior,
793 1567 902 1628 tanto
947 1555 1073 1657 magia

45 1688 210 1786 pernix,
255 1684 403 1789 frangit
431 1683 470 1761 se
503 1683 672 1762 subinde
697 1684 746 1760 ad
772 1683 951 1786 obposita
980 1713 1073 1768 cau·

46 1823 176 1897 tium:
212 1833 330 1922 atque
352 1823 405 1900 ob
428 1820 473 1897 id
491 1821 646 1922 ingenti
669 1845 762 1896 cum
781 1847 990 1900 murmure
1008 1819 1071 1902 so·

1 1965 2 2055 ζ
45 1980 228 2056 nuncque
250 1955 503 2044 devolvitur,
537 1953 636 2030 adeo
666 1956 787 2045 citus,
820 1970 885 2046 ut,
920 1930 999 2058 qua
1020 1982 1072 2035 ex
1168 2008 1169 2014 κ

45 2091 254 2194 praecipiti
270 2094 315 2166 in
330 2088 502 2168 subiecta
527 2087 685 2166 casurus
699 2091 767 2179 est,
795 2117 879 2168 non
896 2090 1071 2171 declinet

1 2241 2 2322 ᾗ
47 2225 177 2302 statim
194 2225 363 2316 undam,
390 2222 459 2300 sed
474 2225 578 2300 ultra
595 2249 716 2324 quarn
743 2227 917 2302 canalem
938 2228 1071 2321 babet,

46 2361 210 2450 evehat,
247 2363 338 2462 plus
362 2361 491 2462 iugeri
514 2357 640 2461 spatio
663 2356 862 2451 sublimis,
896 2378 937 2439 et
956 2365 1071 2464 aquis

1 2525 2 2540 2
45 2495 313 2595 pendentibus
356 2491 477 2570 semet
514 2492 597 2595 ipse
639 2492 721 2570 stne
760 2497 875 2574 alveo
913 2493 1070 2576 ferenes

46 2628 194 2704 deinde
211 2631 282 2706 ubi
304 2633 495 2706 incurvus
518 2644 756 2729 arcuatoque
774 2655 890 2706 amne
911 2629 1071 2708 descen·

46 2765 124 2854 dit,
171 2762 215 2838 fit
244 2766 502 2862 tranquillus,
547 2768 774 2864 iterumque
811 2788 884 2864 per
910 2787 1070 2865 campos

45 2903 187 2976 tacitus
223 2915 262 2973 et
293 2901 363 2973 vix
401 2896 548 2988 fluens,
594 2898 712 2974 inid
753 2899 849 2975 litus
885 2899 1067 2976 elabitur.

44 3037 178 3135 Cyrus
219 3051 258 3108 et
291 3032 520 3134 Cambyses,
568 3059 616 3107 ex
651 3032 850 3109 radicibus
885 3034 1102 3121 Coraxicis

44 3171 196 3247 montis
220 3169 363 3243 vicinis
390 3166 569 3244 fontibus
595 3167 715 3256 editi,
751 3169 795 3242 in
825 3165 978 3245 diversa
999 3171 1067 3247 ab·

44 3320 162 3393 eunt,
198 3328 350 3404 perque
366 3303 494 3378 Iberos
519 3321 558 3377 et
577 3308 783 3404 Hyrcanos
802 3301 875 3379 diu
896 3319 936 3379 et
958 3305 1067 3380 mul·

44 3455 131 3515 turn
171 3435 404 3513 distantibus
442 3437 565 3514 alveis
603 3435 810 3514 defluunt:
856 3435 945 3539 post
979 3463 1066 3517 nou

44 3573 167 3675 longe
196 3573 338 3646 aman·
362 3570 502 3649 eodem
527 3573 616 3647 lacu
640 3572 807 3673 accepti,
849 3575 893 3650 in
915 3578 1066 3676 Hyrca·

44 3733 142 3784 num
173 3705 301 3782 finum
324 3731 409 3783 uno
434 3732 504 3782 ore
524 3708 775 3806 perveniunt.
832 3701 998 3786 Iaxartes
1024 3725 1067 3784 et

45 3847 151 3919 Oxos
188 3867 258 3942 per
292 3839 441 3916 deserta
476 3841 659 3941 Scythiae
694 3867 742 3916 ex
770 3841 1065 3943 Sugdianorum

45 3976 276 4078 regionibus
310 3977 356 4052 in
391 3975 622 4076 Scythicum
660 3993 804 4054 exeunt
812 4005 823 4068 ;
880 3978 951 4052 ille
989 3973 1064 4052 suo

1 4227 2 4232 Ν
44 4108 359 4212 senegundis,
389 4110 458 4188 hic
485 4107 650 4188 incursu
672 4113 843 4190 aliorum
864 4108 1067 4213 grandior,
