2868 4930
329 405 443 458 exin
588 386 653 446 Dr.
693 381 959 446 eomaomo
1001 386 1135 446 MELA

333 555 402 634 elle
418 569 525 653 potat
540 549 596 626 ibi
616 551 801 626 Doberos.
850 558 901 627 At
926 553 1027 628 idem
1046 553 1092 627 de
1109 555 1155 630 iis
1178 553 1298 655 magia
1319 577 1381 630 ex·

223 733 226 740 .
331 677 448 780 posite
467 673 515 751 fic
529 673 652 748 scribit
671 699 707 772 p.
720 693 806 762 831.
828 673 870 748 in
889 674 1115 774 praefatione
1130 678 1176 750 ed
1191 678 1381 752 Perizonii

331 819 461 878 notas:
506 791 717 888 „Holftenii
753 794 1023 871 observationes
1052 799 1094 870 in
1126 801 1381 900 Pomponium

331 922 479 998 Melam
498 917 554 992 ed.
575 924 763 1015 Antwerp.
787 937 897 1004 1581.
922 923 982 1012 (ea
1005 916 1054 993 est
1076 920 1189 996 editio
1212 923 1381 1016 Schotti)

332 1043 376 1119 in
397 1039 645 1141 castigationes
662 1037 1037 1122 Hermolainarbariz
1070 1041 1112 1114 in
1126 1044 1291 1118 Pintieni
1311 1069 1381 1118 no·

332 1183 412 1240 tas:
444 1161 487 1236 in
508 1161 623 1235 Andr.
645 1161 788 1234 schotti
811 1159 1095 1234 observationes:
1127 1163 1169 1235 in
1189 1165 1243 1238 ed.
1260 1171 1379 1242 Henr.

331 1283 507 1382 Stephani
533 1304 641 1374 1577.
700 1287 796 1356 Sunt
825 1299 949 1354 autem
978 1307 1056 1356 non
1088 1285 1230 1380 plures,
1265 1312 1382 1383 quam

332 1431 426 1506 quae
439 1404 517 1496 sex,
543 1422 606 1477 aut
620 1403 808 1477 sommum
828 1402 981 1499 septem,
1003 1405 1133 1476 harum
1151 1406 1381 1480 Observatio-

331 1555 427 1616 num
448 1527 599 1628 paginas
616 1527 770 1624 implere
783 1523 936 1624 poffint,
959 1549 1026 1598 neo
1040 1523 1220 1599 Holstenii
1237 1554 1381 1602 nomen

332 1649 561 1754 praeferunt,
587 1647 648 1722 led
668 1650 769 1721 huno
788 1673 914 1722 earum
929 1666 1115 1721 auctorem
1130 1647 1212 1737 elle,
1238 1675 1283 1720 ex
1305 1651 1381 1724 alia

332 1776 455 1850 charta
483 1771 639 1846 didici.“
695 1765 779 1842 Post
810 1789 934 1843 tamen
958 1769 1128 1842 intellexi
1158 1794 1205 1842 ex
1230 1767 1383 1867 epistola

331 1893 495 1970 Uhdenii
514 1891 561 1966 ad
576 1890 780 1966 Geislerum
793 1889 894 1980 data,
919 1889 965 1963 atl
979 1892 1184 1989 marginem
1204 1893 1382 1968 editionis

332 2012 614 2113 Stephanianae,
648 2035 760 2108 quam
793 2009 909 2084 servat
933 2011 1153 2085 bibliotheca
1181 2015 1380 2088 Barberina

331 2141 490 2223 Romae,
522 2133 664 2230 aliquas
685 2127 869 2206 Holltenii
891 2151 995 2207 notas
1016 2133 1147 2214 militas
1169 2133 1250 2227 elle,
1283 2161 1380 2235 quae

331 2257 481 2334 eaedem
499 2251 565 2328 elle
583 2251 767 2328 videntur.

401 2463 601 2550 Mariangati
621 2455 896 2532 emendationes
910 2453 1037 2554 pallim
1048 2457 1088 2532 in
1102 2460 1203 2534 notio
1217 2460 1381 2560 adtingit

330 2579 544 2692 Pinaianue,
570 2603 607 2652 v.
629 2603 659 2653 o.
685 2603 718 2668 a,
744 2603 776 2669 1,
802 2602 861 2652 ιο.
878 2595 915 2652 et
933 2603 990 2652 11.
1025 2605 1061 2672 e,
1085 2603 1119 2674 7,
1142 2597 1179 2674 4.
1203 2607 1380 2680 eaequea

330 2700 589 2806 posterioribus
604 2702 774 2802 probatas
789 2699 891 2774 suillo
905 2700 1019 2776 addit.

408 2913 567 2980 Dumana·
588 2911 744 2986 Ladona,
772 2903 917 3007 Profell.
936 2907 1116 2980 Mmhem.
1134 2907 1177 2979 in
1191 2904 1379 2984 academia

328 3025 626 3117 Helmlladienli,
647 3055 652 3065 ·
677 3025 854 3123 praefatio
899 3028 946 3099 ad
983 3027 1068 3099 edit.
1112 3028 1380 3124 Rinteliensem

335 3153 444 3223 1666.
469 3170 527 3220 12.
555 3165 660 3222 notas
681 3147 723 3220 in
736 3149 881 3221 Malam
896 3147 942 3219 ad
962 3146 1115 3220 editoris
1131 3173 1262 3222 manus
1278 3152 1380 3224 dela·

187 3279 191 3290 '
330 3287 387 3343 tas
406 3269 534 3341 laudat
553 3286 590 3342 et
609 3268 812 3368 vulgandae
832 3269 944 3362 olim,
980 3271 1094 3344 modo
1120 3295 1193 3367 pax
1215 3271 1379 3366 redierit,

329 3390 527 3490 promittit.

406 3603 460 3666 Io.
472 3599 547 3666 020.
560 3599 689 3664 Graevii
705 3592 840 3666 dictata
853 3591 893 3666 in
903 3595 1046 3666 Melam
1060 3593 1212 3671 fuerunt
1225 3598 1265 3670 in
1279 3597 1378 3673 bibl.

329 3713 602 3795 burmanniana
609 3769 620 3804 ‚
651 3713 693 3786 in
714 3715 817 3790 mins
838 3717 1002 3813 catalogo
1022 3721 1239 3790 MSStomm
1259 3747 1301 3818 ρ.
1314 3741 1379 3809 ¹8·
1411 3713 1416 3724 ’

330 3836 597 3937 producuntur.
619 3833 769 3927 Eadem,
780 3834 1123 3912 foediffimistamen
1138 3837 1238 3911 vitiis
1250 3841 1381 3938 inqui·

330 3975 431 4048 nata,
454 3955 642 4031 servantur
661 3955 775 4030 etiam
792 3957 834 4030 in
848 3957 1068 4033 bibliotheca
1090 3959 1210 4034 Musei
1231 3961 1381 4039 Britan·

329 4079 428 4178 niel,
456 4077 660 4162 undenum
680 4076 785 4182 prior
800 4103 885 4180 paea
905 4103 1042 4181 magno
1062 4083 1180 4180 pretio
1197 4082 1379 4184 descript·
