2816 4920
230 407 293 466 De
323 407 443 466 mo
476 407 622 473 Ottms
652 409 743 468 Ltn.
774 409 830 470 111.
875 411 906 470 C.
928 409 965 470 X.
1041 429 1100 492 107

86 579 167 658 usta
184 579 294 672 sunt,
323 597 390 657 aut
407 582 534 656 arenis
554 579 742 670 obducta,
771 599 840 657 aut
862 579 998 656 infesta
1023 581 1100 660 ser·

86 716 282 816 pentibus.
320 715 472 792 Exustis
489 712 639 790 insulae
658 715 854 816 adpositae
871 714 974 806 sunt,
1003 745 1100 818 quas

86 849 316 949 Hesperidas
354 847 518 925 tenuisse
560 865 812 928 memoratur.
890 855 937 926 ln
972 855 1100 932 arenis

84 1007 198 1060 mons
219 983 275 1058 est
296 987 421 1074 Atlas,
451 981 569 1059 dense
591 981 849 1084 consurgens,
876 1011 1018 1062 verum
1037 989 1100 1062 in·

84 1117 166 1194 oisrs
183 1118 366 1220 undique
381 1121 550 1218 rupibus
563 1142 759 1218 praeceps,
776 1120 924 1210 invius,
943 1137 993 1210 et,
1015 1147 1098 1221 quo

84 1255 203 1350 magis
228 1251 372 1354 surgit,
399 1255 540 1328 exilior
549 1279 560 1342 3
595 1255 669 1351 qui
691 1252 801 1352 quod
821 1255 950 1345 altius,
977 1281 1099 1356 quam

84 1383 256 1485 conspici
279 1383 415 1486 potest,
442 1388 634 1485 usquein
652 1389 790 1463 nubila
808 1391 985 1490 erigitur,
1014 1416 1098 1464 cae-

82 1519 163 1594 lum
191 1536 231 1594 et
255 1520 377 1596 sidera
398 1547 483 1598 non
509 1538 668 1622 tangere
689 1521 813 1599 modo
829 1527 994 1613 vertice,
1029 1523 1098 1600 sed

83 1651 271 1731 sustinere
301 1681 464 1755 quoque
497 1657 626 1732 dictus
653 1654 720 1730 est.
783 1658 929 1733 Contra
956 1661 1132 1734 Fortu-a

84 1803 192 1862 natae
217 1787 369 1865 insulae
392 1790 595 1866 abundant
617 1789 686 1865 sua
709 1788 847 1890 sponte
869 1793 1030 1890 genitis,
1058 1805 1097 1864 et

84 1919 249 2000 subinde
277 1926 363 2002 aliie
401 1923 519 2024 super
559 1926 646 2002 aliis
673 1921 963 2000 innascentibus
992 1925 1096 1999 nihil

85 2053 269 2136 sollicitos
289 2060 418 2148 alunt,
454 2060 606 2134 beatius
632 2086 752 2159 quam
770 2061 866 2133 aliae
886 2061 1003 2136 urbes
1031 2085 1096 2134 ex-

85 2193 218 2268 cultae.
250 2196 338 2268 Una
354 2191 541 2292 singulari
551 2193 725 2270 duorum
742 2191 917 2272 sontium
933 2197 1095 2294 ingenio

85 2329 251 2404 maxime
271 2325 452 2427 insignia:
482 2328 649 2403 alterum
674 2331 746 2427 qui
769 2327 984 2429 gustavere,
1014 2328 1096 2406 risu

85 2457 293 2538 solvuntur
314 2463 359 2536 in
382 2478 569 2552 mortem3
613 2463 668 2536 ita
688 2461 849 2540 adfectis
872 2463 1096 2540 remedium

86 2593 210 2671 estex
245 2597 367 2671 altero
383 2595 540 2670 'bibere
613 2597 673 2672 Ab
710 2623 758 2674 eo
788 2613 934 2688 tractu,
972 2589 1130 2698 quem⁴3

67 2725 185 2805 'serae
209 2728 411 2820 infestant,
453 2731 624 2830 proximi
652 2727 743 2806 sunt
770 2729 1093 2830 Himantopodes,

85 2863 216 2949 inflexi
245 2865 361 2942 lentis
390 2867 588 2953 cruribus,
624 2889 725 2962 quos
761 2864 914 2966 serpere
947 2865 1093 2964 potina,

87 3025 199 3098 quam
225 2999 381 3102 ingredi
402 2997 598 3074 referunt:
629 3000 774 3076 deinde
798 2998 994 3090 Pharusii,
1022 3001 1093 3073 ali·

87 3136 243 3234 quando
262 3135 446 3211 tendente
467 3133 517 3208 ad
535 3133 763 3234 Hesperidas
782 3136 952 3211 Hercule
973 3134 1090 3226 dites;
1193 3179 1199 3190 ·

86 3293 189 3344 nuno
212 3271 373 3360 inculti,
411 3285 468 3357 et,
503 3268 577 3343 nisi
604 3269 715 3368 quod
745 3286 887 3371 pecore
918 3272 1090 3359 aluntur,

87 3403 299 3482 admodum
326 3405 477 3504 inopes.
545 3404 648 3478 Hinc
683 3406 762 3480 iam
793 3406 972 3481 laetiores
1006 3407 1129 3506 agria

87 3541 316 3640 amoenique
345 3536 464 3614 saltus
495 3539 612 3627 citro,
659 3539 882 3616 terebintho
908 3556 948 3615 et
970 3541 1089 3616 ebore

86 3669 290 3748 abundant
332 3675 580 3773 Nigritarum
598 3673 935 3772 Gaetulorumque
959 3673 1089 3775 passam

86 3811 306 3906 vagantium
339 3833 390 3882 ne
417 3808 532 3882 litora
561 3806 723 3906 quidem
751 3807 963 3884 infecunda
986 3806 1088 3896 sunt,

84 3963 254 4042 purpura
292 3957 331 4016 et
376 3942 527 4018 murice
567 3941 822 4018 efficacissimis
852 3941 901 4016 ad
934 3947 1087 4042 tingen·
1197 3969 1200 3974 ·

86 4071 196 4171 dum3
249 4093 288 4154 et
321 4079 491 4178 ubique,
538 4103 638 4177 quae
671 4080 841 4166 tinxere,
880 4065 1084 4154 clarissima.
