2816 4920
371 349 415 436 46
651 353 911 414 rouronrr
953 353 1121 416 natas

368 525 495 602 vitem
519 519 768 626 frequentius
796 525 962 604 tolerat:
1006 522 1074 601 sed
1095 551 1167 604 nec
1187 527 1269 606 dns
1286 529 1360 630 qui·

367 658 463 736 dem
485 655 641 740 finctus
660 675 829 736 maturat
849 687 893 735 ac
915 661 1088 762 mitigat,
1119 659 1194 738 uili
1217 662 1283 738 ubi
1302 658 1362 736 fn·-

366 819 463 896 gora
481 794 641 872 obiectu
654 791 864 874 frondium
880 797 1051 872 cultores
1072 821 1236 873 arcuere.
1262 797 1362 876 Viros

365 930 580 1032 benignius
603 929 691 1020 alit;
728 955 816 1006 uon
840 929 891 1006 ad
912 928 1083 1032 speciem
1104 945 1249 1022 tamem
1282 954 1362 1009 mm

365 1081 407 1142 et
426 1065 507 1141 illis
528 1060 637 1164 asper
654 1079 771 1164 atque
792 1064 979 1144 indecens
994 1090 1209 1167 corporum
1223 1065 1363 1142 babitus

365 1195 443 1276 est:
495 1213 671 1274 ceterum
706 1197 758 1273 ad
789 1195 980 1276 ferociam
1008 1215 1048 1276 et
1072 1225 1298 1290 numerum,
1325 1211 1363 1274 ut

325 1335 485 1412 amulti
505 1333 758 1432 immitesque
780 1331 866 1425 lint,
891 1337 1060 1412 maxime
1076 1333 1195 1412 ferax.
1231 1339 1363 1410 Paucos

362 1493 518 1559 munes,
546 1469 620 1570 qui
644 1469 688 1542 in
708 1470 1088 1570 pelagusevadunt,
1117 1495 1257 1546 verum
1277 1467 1362 1542 cele·

361 1605 575 1694 berrimos,
611 1603 803 1692 Hebrum,
832 1619 871 1678 et
900 1602 1065 1694 Neston,
1103 1621 1145 1682 et
1172 1607 1362 1704 Strymona

360 1740 517 1816 emittit.
574 1741 737 1815 Montes
752 1739 919 1814 interior
932 1738 1100 1829 adtollit,
1131 1745 1313 1826 Haemon,
1330 1749 1362 1810 et

360 1871 603 1972 Rhodopen,
625 1890 664 1948 et
684 1873 872 1962 Orbelon,
900 1869 1014 1950 sacris
1031 1873 1167 1949 Liberi
1181 1876 1306 1976 patris,
1330 1883 1362 1946 et

360 2023 479 2084 coetu
500 2005 764 2102 Maenadum,
795 2007 956 2108 Orpheo
980 2008 1160 2108 primum
1186 2010 1360 2093 initiante,

359 2141 584 2220 celebratos.
641 2145 675 2218 E
698 2143 788 2241 quis
810 2147 980 2220 Haemos
1004 2144 1048 2217 in
1069 2158 1226 2220 tantum
1246 2143 1361 2220 altitu·

357 2273 465 2352 diuis
483 2277 581 2365 abit,
611 2290 657 2352 ut
673 2255 875 2352 Euxinum
892 2293 931 2350 et
945 2275 1133 2352 Hadriam
1152 2305 1199 2354 ex
1221 2277 1358 2354 summo
1384 2320 1388 2328 ·

321 2411 505 2505 5vertice
529 2406 720 2492 ostendat.
750 2414 839 2486 Una
857 2436 963 2512 gens,
981 2412 1164 2504 Thraces,
1188 2413 1359 2498 habitant,

356 2545 444 2622 aliis
465 2545 633 2644 aliisque
653 2544 822 2645 praediti
841 2561 881 2621 et
906 2547 1160 2635 nominibus,
1191 2563 1230 2623 et
1253 2542 1359 2625 mori·

355 2679 442 2758 bus.
492 2677 666 2784 Quidam
692 2676 768 2754 feri
799 2675 892 2756 sunt
924 2695 964 2754 et
992 2677 1042 2755 ad
1071 2697 1241 2756 mortem
1264 2702 1359 2780 pare·

355 2812 496 2902 tillimi,
520 2816 639 2888 Getae
656 2815 807 2914 utique.
848 2812 896 2888 Id
916 2815 1023 2889 varia
1041 2815 1182 2915 opinio
1204 2811 1358 2918 perficit;

355 2950 424 3025 alii
445 2947 639 3024 redituras
666 2961 805 3047 putant
823 2948 971 3022 anirnas
993 2947 1254 3052 obeuntium:
1289 2945 1358 3033 alii,

353 3081 424 3158 etii
441 3108 525 3159 non
541 3082 720 3169 redeant,
749 3107 833 3158 uon
848 3079 1043 3182 exstingui
1061 3097 1212 3174 tamen,
1238 3077 1301 3158 ied
1315 3077 1357 3154 ad

229 3269 233 3276 ·
352 3217 526 3294 beatiom
548 3217 733 3292 transire:
770 3215 850 3304 alii,
876 3217 1005 3291 emori
1025 3215 1210 3316 quidem,
1237 3214 1301 3291 sed
1319 3209 1356 3287 id

351 3353 497 3428 melius
524 3347 615 3439 elle,
654 3373 774 3450 quam
806 3352 952 3426 vivere.
1018 3354 1154 3451 ltaque
1180 3353 1355 3452 lugentur

351 3483 458 3587 apud
476 3484 669 3584 quosdam
692 3487 921 3586 puerperia,
958 3489 1121 3586 natique
1150 3484 1354 3570 deflentur;

348 3616 492 3698 funera
531 3633 668 3694 contra
706 3615 800 3692 festa
839 3614 949 3709 sunt,
992 3636 1051 3709 et,
1092 3623 1219 3698 veluti
1251 3617 1353 3702 sacra,

310 3768 470 3850 teantu
493 3750 663 3851 lusuque
689 3753 944 3830 celebrantur.
1000 3757 1066 3830 Ne
1092 3754 1252 3831 feminis
1276 3750 1354 3852 qui·

348 3887 442 3966 dem
456 3885 584 3990 segnis
601 3883 655 3960 est
677 3888 843 3963 animus.
882 3891 1011 3990 Super
1030 3906 1280 3967 mortuorum
1298 3883 1353 3959 vi·

347 4046 487 4108 rorum
532 4045 698 4126 corpora
743 4017 914 4100 interfici
956 4021 1153 4128 [imulque
1195 4017 1351 4128 sepeliti,
