2856 4926
292 321 366 368 rvr
537 299 604 366 DE
645 301 912 366 ΡΟΜΡΟΝΙΟ
955 301 1090 365 Maca

294 469 461 559 ducitur,
484 469 677 557 Varlovlae
693 467 909 566 repolltum,
933 467 1040 543 cuius
1054 467 1200 568 aliquae
1216 466 1359 544 lectio·

292 617 361 674 uer
383 593 502 669 bonae
521 591 569 664 ad
590 617 651 667 me
670 609 865 668 venerunt.

366 762 582 860 Hispaniam
595 761 784 838 codicibus
800 764 956 838 minime
971 757 1100 836 orbona
1116 759 1193 852 elle,
1217 757 1359 835 testan-

294 903 357 960 tur
379 904 488 959 notae
501 883 680 958 Nunnaiii
702 905 738 958 et
755 886 937 959 Ciacconii
958 885 998 960 in
1015 887 1167 974 Melam,
1195 885 1249 956 de
1271 883 1358 980 qui·

295 1007 366 1080 bus
387 1005 484 1079 infra
506 1006 704 1080 dicendum
729 1011 815 1098 erit,
850 1008 909 1081 secl
937 1009 1061 1106 quales
1086 1003 1173 1097 lint,
1200 1029 1359 1078 accura-

295 1129 369 1202 tior
385 1127 592 1218 describere,
618 1153 696 1219 nec,
712 1129 778 1206 ubi
791 1131 908 1216 hodie,
918 1129 1059 1208 conditi
1071 1129 1225 1221 lateant,
1254 1125 1360 1199 indi·

296 1273 377 1330 care
403 1249 557 1351 pollam.
630 1244 631 1250 ‘

372 1421 637 1518 Traniylvania
658 1423 808 1522 gloriari
830 1418 945 1521 potest
964 1419 1272 1520 praestantiffinro
1295 1441 1358 1490 co·

297 1537 396 1630 aire,
432 1545 497 1642 qui
516 1543 653 1617 Gibinii
674 1564 780 1617 ornat
803 1546 1065 1617 bibliothecam
1084 1551 1128 1618 L.
1150 1551 1190 1618 B.
1214 1567 1238 1614 a
1263 1549 1358 1614 Bru·

297 1665 480 1756 elencho,
506 1692 618 1766 quem
630 1683 674 1738 ut
687 1667 761 1763 ipse
774 1665 947 1762 inspicere
962 1685 999 1738 et
1013 1664 1179 1740 conferre
1196 1661 1357 1762 possem,

297 1787 462 1861 nominis
477 1787 696 1860 auctoritate
714 1787 867 1884 perfecit
880 1787 1120 1886 Adelunginu
1159 1783 1358 1858 Membra·

243 1953 245 1958 =
297 1933 431 1998 naceus
447 1909 479 1980 is
497 1905 545 1982 est
559 1907 598 1982 ln
618 1907 685 1981 fol.
704 1907 855 2008 singulis
871 1909 1015 2008 paginis
1033 1907 1170 1996 bifidis,
1192 1906 1357 2001 scriptur

297 2027 417 2104 literis
450 2029 671 2104 minusculis
704 2029 873 2126 quidem,
913 2030 975 2104 sed
1003 2029 1223 2118 luculentis,
1259 2047 1357 2123 quae

298 2148 482 2223 saeculum
503 2151 667 2251 produnt
686 2173 743 2240 13.
768 2172 832 2224 aut
852 2152 1005 2225 initium
1027 2168 1085 2244 14.
1127 2149 1251 2222 Initio
1262 2149 1357 2220 heco

298 2271 491 2368 leguntur:
536 2271 725 2371 Incipiunt
745 2274 942 2371 pomponii
965 2274 1011 2345 de
1032 2271 1232 2370 corografia
1261 2267 1355 2342 libri

299 2407 385 2467 trec.
423 2399 634 2504 Sequuntur
650 2393 860 2468 notationes
880 2419 898 2484 7
919 2395 1183 2467 miraculorum
1202 2388 1354 2478 mundi,

301 2534 395 2612 quae
409 2535 562 2606 vocent,
589 2541 678 2615 quas
700 2517 836 2616 excipit
854 2515 928 2616 ipse
944 2517 1058 2588 Mela.
1107 2519 1154 2586 'In
1170 2512 1247 2585 fine
1262 2508 1354 2584 libri

299 2637 413 2734 primi
433 2639 541 2713 verba
566 2619 653 2712 haec
674 2642 868 2739 leguntur:
903 2645 1046 2708 Felicior
1062 2641 1230 2706 emendavi
1253 2640 1354 2704 caeci·

302 2765 363 2834 lius
390 2779 421 2830 et
439 2766 558 2864 stirias
592 2769 751 2850 helpidius
780 2766 948 2830 dommilus
972 2777 1004 2830 et
1035 2763 1195 2832 adnotavi
1223 2763 1353 2830 vicmo

303 2885 447 2956 rabenna.
484 2882 659 2958 Concinit
673 2881 749 2957 fere
765 2907 853 2958 cum
867 2878 963 2958 Voff.
982 2901 1015 2956 1.

379 3053 590 3148 Sequuntur
612 3050 754 3126 codices
776 3051 1007 3141 Germaniae,
1033 3073 1079 3122 ex
1099 3046 1236 3148 quibua
1257 3041 1354 3120 mihi

225 3239 227 3246 ,
302 3168 371 3244 usu
387 3172 498 3243 etiarn
516 3171 593 3268 ipso
618 3173 896 3248 innotueruno.

381 3340 679 3417 vindobonensis
705 3370 752 3418 ex
774 3346 885 3417 Palat.
908 3342 1152 3431 bibliotheca,
1186 3365 1290 3414 nunc
1312 3337 1353 3409 in

262 3459 266 3466 ’
304 3465 543 3560 Imperatoria
570 3465 729 3562 publica,
755 3491 841 3541 cum
864 3463 1118 3564 inscriptionee
1151 3456 1355 3563 Pomponii

306 3585 402 3656 mela
420 3583 465 3656 de
486 3584 733 3684 cosmografia.

316 3849 317 3854 ἵ
377 3757 705 3856 'Guelplterbytana
725 3757 947 3830 bibliotheca
970 3755 1108 3856 recepit
1128 3753 1353 3837 Gudianum,

309 3901 419 3975 quem
438 3879 581 3952 'Gudius
604 3905 650 3950 ex
672 3878 802 3952 itinere
823 3878 940 3952 redux
959 3877 1142 3951 adtulerat
1161 3895 1198 3950 et
1218 3882 1247 3950 Ι.
1264 3881 1353 3947 Gro-

309 3999 425 4074 novio
443 3998 709 4074 consulendum
726 3991 931 4074 tradiderat.
963 3994 1027 4083 Est
1044 3999 1249 4074 membran.
1262 3999 1351 4083 ina.
