2868 4930
348 375 389 426 n
626 361 887 424 POMPONH
929 363 1099 426 tantan

713 545 882 624 CAP.
938 547 1008 624 vl.

567 752 1159 810 atun1n1A.

318 975 337 1024 1
439 944 501 1022 Ab
524 969 574 1022 eo
596 945 792 1022 Numidia
811 945 861 1022 ad
881 948 986 1047 ripas
1006 945 1176 1051 expofita
1194 931 1356 1028 fluminis

328 1073 552 1183 'Ampsaci
596 1079 720 1182 spatio
749 1081 936 1182 quidem,
975 1109 1106 1182 quami
1116 1086 1357 1172 Mauretania,

354 1214 557 1316 angustior
577 1212 652 1306 est,
687 1243 830 1294 verum
852 1233 892 1292 ct
913 1219 1019 1294 culta
1035 1221 1159 1320 magis
1176 1234 1215 1294 ct
1238 1218 1355 1296 ditior.

355 1351 540 1441 Urbium,
558 1373 655 1452 quas
672 1351 801 1442 habet,
823 1354 1016 1428 maximae
1029 1352 1135 1444 sunt,
1161 1355 1265 1432 Cirta
1279 1379 1359 1455 pro·

356 1487 424 1562 cul
443 1511 464 1562 a
486 1491 600 1577 mari,
626 1513 734 1564 nunc
757 1490 1017 1565 Sittianorum
1041 1490 1211 1579 colonia,
1245 1513 1360 1590 quon·

355 1619 449 1718 dam
470 1640 611 1726 re'gum
634 1623 801 1715 domus;
839 1597 897 1713 et,
929 1624 1123 1726 Syphacis
1148 1651 1239 1702 cum
1257 1605 1359 1712 iuret,

356 1758 652 1856 opulentiffima.
710 1762 771 1838 Iol
793 1757 843 1836 ad
863 1783 994 1850 mare,
1028 1757 1241 1862 aliquando
1261 1760 1361 1860 igno·

357 1891 469 1982 bilis;
511 1921 634 1984 nunc,
671 1897 766 1995 quia
787 1896 909 1970 lubae
934 1894 1042 1996 regia
1064 1892 1159 1984 fuit,
1187 1909 1237 1983 et,
1263 1890 1361 1994 quod

327 2075 336 2101 t
357 2025 541 2104 Caesarea
564 2033 773 2120 vocitatur,
804 2029 978 2109 illustris.
1022 2030 1132 2108 Citra
1148 2029 1250 2105 hanc
1266 2033 1361 2121 (nant

356 2161 403 2236 in
424 2161 561 2238 medio
576 2161 702 2240 iermc
721 2166 838 2242 litora
855 2163 922 2240 fita
945 2165 1017 2265 est)
1041 2167 1229 2243 Cartinna
1248 2180 1285 2239 at
1302 2167 1362 2238 Ar·

357 2291 469 2372 sanna
488 2295 579 2374 sunt
600 2301 766 2402 oppida,
796 2315 834 2375 et
848 2303 975 2406 Quiza
997 2300 1217 2388 castellum,
1244 2313 1282 2372 ct
1300 2301 1362 2373 la·

358 2442 473 2507 turus
488 2429 605 2525 finus,
633 2452 672 2510 ct
694 2435 900 2512 Sardabale
920 2433 1084 2522 fluvius.
1142 2437 1264 2525 Ultra,
1283 2435 1362 2510 Mo·

330 2561 332 2568 ’
357 2585 599 2648 numentum
629 2595 841 2647 commune
874 2572 1004 2672 regiae
1031 2574 1179 2672 gentis;
1201 2565 1207 2578 ’
1233 2565 1363 2644 deindo

357 2701 528 2779 Icolium
556 2719 594 2780 et
618 2703 800 2780 Ruthifia
828 2707 967 2797 urbes,
1008 2722 1047 2781 et
1076 2705 1244 2783 fluentes
1272 2707 1364 2778 inter

358 2861 421 2914 eas
444 2841 568 2917 Savus
592 2856 631 2914 et
652 2837 799 2932 Nabar,
829 2844 996 2942 aliaque,
1026 2867 1128 2941 quae
1150 2841 1267 2916 taceri
1286 2835 1365 2912 nul·

322 2973 445 3053 ulum
461 3001 596 3050 rerum
614 2973 791 3052 famaeve
810 2977 1067 3078 dispendium
1085 2976 1154 3053 est.
1197 2974 1365 3056 Interim,

358 3121 398 3180 at
421 3109 540 3208 longe
562 3107 650 3185 satis
667 3134 688 3184 a
704 3111 821 3189 litore
844 3111 901 3215 (ii
923 3111 1046 3188 fidem
1065 3139 1129 3190 res
1149 3110 1279 3212 capit)
1300 3105 1367 3182 mi·

358 3265 450 3315 rum
475 3243 526 3317 ad
557 3245 744 3336 modum,
781 3247 915 3348 spinae
943 3247 1132 3350 piscium,
1178 3246 1366 3322 muricum

360 3373 658 3481 ostrearumqua
699 3379 936 3484 fragmenta,
988 3382 1075 3458 saxa
1112 3383 1252 3460 adtrita
1289 3372 1366 3478 (uti

358 3507 512 3613 solent)
543 3515 749 3608 fluctibus,
788 3536 828 3595 et
849 3545 933 3597 non
959 3514 1184 3594 differentia
1204 3510 1366 3594 marinis,

357 3645 502 3722 infixae
539 3653 722 3728 cautibus
760 3679 945 3744 ancorae,
994 3669 1035 3728 et
1071 3654 1147 3728 alia
1180 3641 1367 3728 eiusmodi

360 3780 465 3882 signa
490 3799 609 3884 atque
633 3785 794 3887 vestigia
829 3783 942 3864 effusa
969 3788 1070 3864 olim
1102 3813 1231 3887 usque
1249 3782 1302 3858 ad
1329 3799 1367 3852 ea

359 3917 444 3993 loca
465 3919 613 4020 pelagi,
642 3922 685 3996 in
709 3925 856 4023 campis
877 3923 983 4000 nihil
1000 3923 1195 4002 alentibus
1220 3915 1291 3996 elic
1312 3915 1368 3989 in·

358 4055 568 4155 venirique
598 4073 820 4134 narrantur.
