2868 4930
496 441 593 500 CAP.
632 443 736 502 v111.
872 509 880 526 .
1005 461 1146 510 cxxvu

102 601 287 693 lladienfi,
311 595 419 682 notas
435 606 475 680 in
492 609 651 696 Melam,
676 608 716 680 in
731 607 882 684 editoris
897 633 1030 686 manue
1047 611 1146 688 dela·

102 747 177 820 teo,
202 728 330 801 laudat
343 748 380 802 et
397 729 598 828 vulgandas
615 730 710 802 olim
728 730 924 827 promittit.

198 961 259 1030 83.
311 940 531 1040 Lugduni
572 948 850 1016 Batavorum
879 945 987 1030 1685.
1016 961 1050 1030 8.

172 1102 213 1164 P.
233 1101 322 1164 Mela
341 1133 393 1149 -
418 1121 487 1162 mm
514 1099 592 1164 Iulii
615 1099 758 1164 Honorii·
776 1113 925 1184 excerpto
953 1093 1142 1194 cosmogra-

99 1223 200 1304 plaiae
220 1225 354 1304 primum
372 1223 423 1282 lue
443 1221 539 1286 edito.
590 1227 736 1301 Auctor,
762 1216 826 1312 qui
841 1235 931 1288 tuno
946 1219 1059 1290 latere
1077 1243 1143 1290 vo·

99 1337 192 1425 luit,
225 1333 274 1408 est
297 1345 362 1408 lac.
379 1335 602 1408 Gronovius.
660 1343 819 1424 Textus,
849 1338 914 1433 qui
938 1337 1142 1412 Vosfianam

98 1454 343 1530 recenlionrm
366 1455 490 1552 passim
507 1455 653 1542 delerit,
682 1455 721 1525 in
737 1455 811 1528 fine
829 1459 944 1530 totius
967 1457 1053 1530 libri
1074 1485 1142 1532 no·

96 1579 146 1650 tia
163 1580 362 1650 maximam
385 1595 523 1675 partem
540 1575 673 1649 criticis
690 1571 901 1650 inlustratus
916 1573 981 1664 est,
1004 1579 1043 1650 io
1062 1579 1142 1675 qui·

96 1700 168 1772 bus
186 1701 451 1792 concinnandis
469 1699 609 1772 codices
625 1691 872 1783 consuluerat,
897 1715 992 1770 certe
1011 1724 1141 1790 unum,

98 1822 202 1918 quod
226 1820 353 1892 diserte
376 1819 449 1916 ipse
472 1817 664 1914 profitetur
685 1818 732 1889 ad
750 1840 781 1905 1,
806 1840 840 1904 Ω,
860 1839 893 1904 3.
913 1819 1139 1894 adhibuerat.

95 1950 154 2020 De
176 1941 286 2030 rixis,
321 1965 409 2038 quas
440 1940 611 2012 excitavit
637 1941 725 2012 haee
756 1937 870 2010 editio
900 1939 1141 2037 interipsum

96 2063 177 2136 eius
204 2078 393 2133 auctorem
416 2080 452 2132 et
472 2059 654 2149 Volstum,
685 2057 855 2156 pluribua
877 2077 981 2131 antea
1002 2057 1051 2134 oti
1076 2086 1140 2134 ex·

95 2182 268 2281 politum.
318 2181 461 2253 Laudat
481 2197 620 2268 tamon,
647 2197 683 2252 et
705 2197 798 2252 recte
819 2179 969 2275 quidam
986 2198 1022 2254 et
1039 2206 1137 2272 vere,

95 2303 210 2377 volti
228 2305 267 2374 in
290 2303 389 2373 Mela
411 2298 628 2396 explicando
646 2299 809 2398 politum
825 2295 1003 2390 studium,
1035 2304 1137 2400 quod

1 2437 2 2446 ’
95 2444 131 2499 et
153 2427 192 2496 in
215 2421 292 2520 ipso
311 2422 500 2496 Gronovio
515 2445 644 2496 omnea
660 2422 816 2494 libenter
836 2421 1037 2519 agnoscunt
1057 2447 1136 2522 gra·

94 2547 197 2642 tique
215 2541 434 2642 praedicant.
485 2549 666 2638 Expertua
687 2567 775 2615 vero
797 2537 976 2614 clettam
996 2549 1138 2616 Grono-

94 2670 178 2741 vius
210 2665 392 2759 impetum
425 2662 470 2735 ab
501 2670 664 2761 liutgero
695 2663 947 2736 Hermannide
984 2661 1135 2752 factum,

91 2790 230 2888 quippe
258 2785 324 2882 qui
352 2783 525 2882 elegiam,
559 2785 747 2856 rudiorem
775 2783 943 2879 quidem,
976 2782 1136 2858 inbono

92 2910 296 2985 editionem
321 2901 454 2994 emisit,
486 2905 613 2977 acerbo
636 2900 713 3001 post
733 2903 893 2976 carmine
912 2901 1080 2998 explosus
1097 2921 1136 2976 et

91 3035 254 3133 agitatus
275 3025 320 3099 ab
348 3023 496 3099 Erasnao
518 3026 652 3123 Regio,
690 3043 816 3098 contre
840 3049 950 3122 quem
970 3019 1048 3119 post
1068 3025 1134 3098 ille

89 3150 306 3236 insurrexit,
346 3145 558 3242 causamque
595 3145 773 3220 vitiorum
804 3145 1004 3220 derisorum
1036 3145 1135 3218 tueri

88 3277 191 3350 libro
210 3269 383 3366 peculiari
405 3283 556 3339 conatus
579 3261 627 3338 est
645 3290 743 3340 enno
769 3271 876 3362 1696.
902 3265 962 3338 led
983 3265 1134 3340 barbare

89 3393 240 3496 prorlua
260 3408 297 3462 et
318 3389 459 3478 inscite,
494 3388 545 3458 ita
568 3405 612 3458 ut
630 3386 696 3458 vix
714 3387 805 3461 serio
829 3383 933 3486 egille
952 3384 1132 3460 videatur.

89 3524 263 3590 ceterum
284 3509 385 3607 quod
403 3509 444 3580 in
457 3507 620 3580 editione
633 3515 674 3578 Α.
685 3508 863 3580 Gronovii
881 3521 986 3598 1748.
1002 3527 1131 3602 pm.

88 3633 272 3737 praefatio
296 3631 343 3702 ad
363 3629 561 3702 editionem
591 3631 698 3712 1688.
720 3627 892 3717 refertur,
930 3629 1132 3723 itemquae

87 3757 245 3833 Dukero
271 3780 305 3851 p.
326 3771 409 3838 880.
433 3749 546 3822 editio
567 3754 593 3820 t
614 3748 794 3822 Gronovii
814 3748 859 3820 od
880 3771 937 3820 en.
958 3751 1065 3832 1686.
1085 3748 1133 3820 ed

86 3879 183 3954 vitia
204 3871 461 3972 typographica
485 3867 646 3943 revocari
667 3869 798 3980 debet,¹
824 3887 889 3940 aut
903 3885 998 3941 certe
1020 3865 1134 3964 polle-

85 4001 170 4076 rius
187 4021 265 4070 non
280 3993 361 4066 latia
377 4007 538 4064 accurate
557 3989 723 4062 traditur.
773 3997 817 4062 ln
839 3989 928 4062 bibl.
946 3989 1133 4062 Senatorio

83 4117 266 4222 Lipfienfi
305 4111 466 4194 senatur
502 4112 707 4210 exemplar,
751 4109 793 4184 in
828 4109 931 4184 cuitu
966 4109 1133 4210 margine
