2816 4920
146 329 210 388 nn
249 330 357 388 stan
394 329 539 388 onata
575 333 667 392 tta.
697 333 752 390 ιιι.
795 333 829 391 c.
852 333 903 390 11.
983 347 1044 408 ιο,

388 503 561 578 CAP.
616 505 687 578 IX.

188 708 875 764 Azrntorta.

104 901 322 1002 Aethiopes
354 904 457 978 ultra
497 901 651 994 sedent3
692 909 861 980 Meroan
896 903 1075 980 habentl

34 1047 186 1125 terram,
225 1062 346 1134 quam
364 1039 484 1114 Nilus
506 1041 637 1138 primo
663 1039 813 1113 ambitu
839 1039 1041 1138 amplexus

32 1165 188 1244 insulam
206 1169 322 1248 facit:
360 1197 460 1272 pars,
493 1173 587 1270 quia
603 1175 707 1247 vitae
731 1169 899 1272 spatium
922 1172 1041 1245 dinti-

33 1297 90 1376 dio
104 1299 201 1392 fere,
232 1331 353 1402 quam
372 1330 456 1394 nos,
484 1307 644 1406 longius
663 1323 795 1406 agunt,
823 1306 1039 1395 Macrobii3

33 1459 126 1530 pars,
164 1441 261 1534 quia
279 1463 326 1512 ex
351 1444 529 1540 Aegypto
556 1440 769 1528 advenere,
798 1437 896 1514 dicti
917 1443 1040 1516 Auto-

32 1569 175 1646 moloe:
224 1573 384 1671 pulchri
410 1571 559 1664 forma,
596 1577 713 1672 aequi
741 1575 935 1673 corporis,
972 1598 1039 1672 pa·

33 1726 192 1803 rumque
241 1709 417 1782 venerati
463 1733 578 1808 opes,
631 1709 758 1784 veluti
797 1709 1039 1807 optimarum

34 1836 172 1914 alumni
188 1843 398 1918 virtutum.
443 1847 489 1918 ln
510 1845 590 1920 illis
612 1869 698 1920 rnos
716 1839 783 1929 est,
811 1843 878 1916 cui
895 1836 1038 1940 potiffi·

33 1995 133 2048 mum
148 1991 330 2074 pareant,
360 1975 487 2077 specie
504 2002 547 2051 ac
564 1979 718 2052 viribus
735 1978 875 2076 legere.
917 1973 1039 2074 Apud

35 2103 97 2182 hos
112 2111 201 2206 plus
217 2113 325 2198 auri,
354 2135 473 2206 quam
491 2113 589 2186 aeris
607 2109 682 2185 est:
719 2108 812 2184 ideo
830 2107 939 2209 quod
961 2109 1038 2184 mi·

34 2263 99 2316 nus
118 2241 190 2331 est,
220 2243 426 2343 pretiostus
445 2243 610 2320 censent.
669 2249 768 2320 Aere
785 2260 1037 2332 exornantur,

36 2397 119 2450 auro
148 2378 312 2454 vincula
349 2376 523 2454 sontium
560 2377 760 2454 fabricant.
829 2377 894 2456 Est
922 2379 1069 2454 locust

37 2505 212 2605 adparatis
238 2512 366 2610 epulis
388 2509 538 2613 semper
562 2511 750 2602 refertus;
788 2529 827 2587 et
851 2513 963 2612 quia,
989 2525 1036 2586 ut

38 2637 120 2718 tibet
156 2644 263 2720 vesci
297 2647 545 2735 volentibus,
584 2649 698 2734 ticet,
738 2647 831 2742 ἣλίου
868 2647 1035 2742 τράπεζαν

40 2773 240 2874 adpellant;
275 2796 315 2854 et
331 2805 430 2878 quae
450 2781 578 2882 paffnn
595 2778 766 2880 adpofita
782 2775 889 2866 sunt,
918 2773 1036 2850 adfir-

40 2927 133 2984 mant
165 2912 315 2990 innasci
348 2911 516 2992 subinde
553 2915 761 2990 divinitus.
823 2909 887 2986 Est
916 2911 1036 2998 lacus,

41 3063 108 3136 quo
130 3045 286 3146 perfusa
303 3075 485 3150 corpora,
520 3046 626 3147 quast
652 3063 786 3136 uncta,
813 3046 1034 3146 pernitent:

42 3171 174 3258 bibitur
195 3181 324 3273 idem3
365 3183 463 3258 adeo
488 3181 542 3258 est
564 3182 764 3280 liquidus,
792 3196 831 3256 et
852 3177 903 3256 ad
924 3173 1036 3254 [usti-

42 3313 172 3404 nenda,
199 3342 300 3417 quaa
326 3316 528 3406 incidunt,
561 3335 629 3393 aut
646 3319 939 3400 immittuntur,
972 3311 1036 3386 in·

42 3437 183 3540 firmata,
212 3468 259 3528 ut
276 3450 373 3527 folia
392 3453 510 3526 etiam
531 3454 720 3550 proximis
740 3446 865 3524 decisa
880 3442 1035 3521 frondi·

44 3573 125 3669 bus,
147 3611 228 3662 non
241 3587 456 3660 innatantia
477 3583 592 3674 serat,
618 3583 686 3660 ted
702 3579 851 3682 peffum
869 3595 907 3654 et
922 3579 1035 3679 peni·

45 3723 97 3788 tus
117 3723 283 3820 accipiat.
351 3723 450 3796 Sunt
472 3737 510 3793 et
532 3716 760 3794 saeviffnnaa
778 3714 893 3808 fetae,
923 3712 1034 3790 omni

45 3848 161 3941 colora
185 3857 286 3930 varii
309 3859 531 3954 Lycaones,
577 3867 615 3926 et
642 3853 774 3950 quales
802 3849 1034 3946 accepimus,

47 3977 227 4087 sphinges,
286 3991 386 4068 Sunt
409 3989 531 4064 mirae
556 4011 645 4063 aves
674 4000 860 4064 cornutae
889 3987 1037 4082 Trago-

643 4141 662 4188 r
687 4139 709 4190 a
