2856 4926
505 427 604 487 CAP.
644 431 714 488 111.
1090 451 1135 497 xl

88 596 237 696 probati
256 588 392 693 potest,
423 593 524 692 quod
546 593 670 668 scribit
690 589 735 686 ι’)
748 592 981 686 ciacconius,
1014 601 1137 674 muita

88 719 310 793 Strabonem
331 717 377 788 de
396 716 501 788 India
522 741 568 788 ex
587 713 720 792 Nostro
741 714 788 787 ad
809 717 965 790 verbum
985 717 1063 794 fere
1083 747 1138 796 re-

88 839 248 936 petiiffe,
290 864 379 912 oum
411 857 537 912 eontra
570 837 652 911 aliia
681 837 829 912 indiciis
862 839 986 913 evinci
1017 841 1137 938 ponit,

89 963 268 1034 Strabone
282 978 432 1033 mortuo
447 962 588 1032 Melam
605 955 742 1034 vixiffe.
783 961 852 1050 Sic,
873 977 919 1032 ut
936 961 1057 1058 aliqua
1075 964 1138 1036 ad·

90 1080 220 1171 feram,
249 1107 362 1178 quam
382 1080 513 1153 urbem
533 1075 596 1170 ιε”)
611 1081 742 1154 Strabo
760 1083 927 1180 Κρούνους
944 1101 1071 1173 vocat,
1094 1084 1138 1160 in

90 1205 132 1297 ¹⁷)
147 1199 283 1276 Nostro
316 1201 452 1274 dicitur
480 1199 725 1302 Dionysopolis.
775 1208 876 1302 Quae
896 1206 1021 1280 Melae
1044 1221 1139 1279 tem·

90 1349 179 1422 pore
213 1325 454 1397 interciderat
485 1331 623 1412 Bizone,
657 1319 701 1420 ¹¹)
722 1324 851 1399 Strabo
880 1343 996 1400 terrae
1027 1343 1139 1400 motu

92 1444 361 1542 conquassatam
383 1444 535 1542 quidem
554 1443 657 1518 fuilie
675 1463 714 1519 et
730 1445 954 1546 absorptam,
985 1471 1065 1522 non
1088 1465 1140 1522 te·

91 1591 178 1640 men
201 1567 356 1665 penitus
377 1565 588 1640 exstinctam
607 1564 728 1642 refert.

162 1779 298 1870 Longe
312 1787 435 1846 autem
447 1767 681 1854 certiffimum
695 1768 821 1846 aetatis
835 1769 1019 1846 indicium
1028 1766 1140 1848 exiiet

91 1891 131 1964 in
146 1918 190 1965 eo
209 1894 257 1982 ¹⁹)
271 1893 368 1982 loeo,
389 1893 454 1964 ubi
469 1890 648 1988 triumphi
661 1893 845 1982 meminit,
867 1917 980 1989 quem
993 1910 1140 1966 acturus

91 2010 136 2096 lit
153 2013 200 2084 de
213 2011 404 2086 Britannia
422 2030 512 2085 tunc
526 2014 680 2114 demum
702 2031 823 2111 aperta
838 2015 1049 2112 principum
1064 2038 1142 2088 ma·

91 2136 233 2206 ximua.
273 2135 384 2231 Quod
397 2132 461 2208 etit
477 2133 639 2230 quidam,
664 2151 709 2207 ut
726 2133 882 2224 voffita,
906 2133 958 2222 ²⁰)
976 2137 1143 2228 cronius,

92 2255 138 2330 od
165 2255 308 2326 lulium
332 2255 515 2330 Caesarem
537 2253 721 2344 referunt,
754 2255 902 2353 probari
928 2273 1053 2332 temen
1080 2282 1142 2330 ne-

93 2375 187 2472 quit.
240 2378 315 2452 Hic
345 2378 447 2453 enim
472 2377 709 2476 expeditione
732 2376 889 2474 suscepta
913 2377 1144 2453 Britanniam

94 2497 230 2594 adtigit
249 2497 394 2593 potius,
428 2524 540 2597 quem
563 2499 724 2598 aperuit,
756 2524 825 2572 neo
849 2498 895 2574 de
916 2522 956 2570 eo
977 2523 1143 2595 unquam

95 2619 350 2714 triumphavit,
368 2620 469 2720 quod
482 2619 619 2694 rectius
629 2619 806 2696 tribuitur
818 2618 986 2710 Claudio,
1006 2621 1145 2720 quippe

94 2740 143 2817 de
159 2765 235 2835 quo
254 2739 398 2814 disertis
419 2741 460 2816 id
479 2742 601 2814 verbis
616 2758 741 2815 narrat
762 2741 810 2828 ²¹)
825 2743 1035 2816 Suetonius.
1070 2747 1146 2818 Im·

95 2885 162 2940 mo
180 2859 255 2955 ipse
269 2863 372 2936 Mela
391 2861 477 2938 saus
498 2865 593 2936 elate
615 2863 778 2959 priorem
795 2862 1070 2959 expeditionem
1087 2863 1146 2940 in·

97 2983 197 3056 (licat
214 2983 355 3055 verbis:
382 3011 459 3056 mox
475 2993 610 3060 certiora
626 2993 730 3075 magis
744 3005 777 3056 et
798 2992 970 3075 explorato
989 2991 1146 3062 dicmur.

97 3103 208 3206 Quod
229 3128 318 3178 vero
335 3105 531 3182 Claudium
551 3115 729 3196 principum
752 3115 928 3180 maximum
946 3124 1066 3198 vocat,
1088 3106 1147 3183 nil

95 3227 239 3302 mirum
272 3222 339 3300 effe
367 3225 478 3328 debet
508 3253 554 3304 ex
584 3228 688 3302 illius
719 3227 897 3324 temporit
923 3252 1046 3318 more,
1080 3225 1147 3324 qui

95 3345 296 3448 magnifico
321 3351 473 3445 quaevis
501 3349 547 3424 de
573 3348 858 3449 imperatoribus
879 3348 1147 3447 praedicabant,

144 3569 199 3639 16)
229 3569 276 3625 Ad
303 3567 413 3625 Melon
440 3581 470 3638 5,
509 3583 538 3638 7,
569 3585 598 3630 a.
654 3577 723 3643 ²9⁵·
765 3569 902 3627 conferri
927 3569 1014 3626 etiam
1041 3567 1146 3644 poten,

146 3654 218 3722 16¹)
240 3653 308 3708 Lib.
326 3669 355 3722 7.
377 3673 407 3730 p.
424 3673 465 3716 tm
484 3653 555 3728 436.
650 3654 704 3728 qni
716 3653 864 3729 prolixiu·
880 3653 915 3709 de
930 3653 990 3709 hoo
1002 3653 1148 3718 dissentit,

143 3741 200 3810 17)
225 3755 254 3803 2,
277 3753 307 3804 ι,
332 3747 360 3806 5.
649 3737 799 3800 Vadimus
814 3739 847 3794 in
862 3737 1008 3794 Coteoheii
1022 3737 1056 3792 in
1070 3739 1147 3794 Geo-

143 3827 199 3896 ¹8)
224 3842 249 3880 e.
270 3821 291 3880 l.
650 3821 804 3898 graphium
821 3821 926 3879 Melae.
955 3822 1060 3878 dorem
1079 3821 1148 3895 qui·

145 3912 201 3986 19)
226 3921 255 3976 3,
280 3906 308 3971 6,
335 3915 364 3979 4.
652 3907 720 3962 dem
742 3921 844 3963 metue
875 3905 914 3961 est
942 3903 1148 3967 edveriuiun.

141 3997 199 4065 so)
222 3993 261 4052 V.
279 4009 341 4047 not.
364 4009 392 4060 a.
650 3991 815 4066 Hispanum
831 3989 1029 4068 interpretem,
1054 4003 1083 4044 at
1098 4007 1150 4064 pe·

142 4081 201 4147 21)
226 4076 486 4151 Invitae-1³47.
515 4071 604 4130 Plura
651 4091 721 4130 runt
755 4073 864 4136 veiiffit
899 4073 988 4136 unit
1015 4090 1148 4154 pugnan-

96 4163 206 4222 notavi
221 4161 259 4217 ad
272 4159 422 4239 Melam-o.
436 4155 457 4217 l.
479 4161 521 4219 11.
534 4177 601 4238 pag.
653 4172 723 4220 tem.
