2816 4920
318 331 360 394 60
600 331 857 393 POMPONII
899 329 1068 392 atam

320 503 473 595 fluvio,
511 505 586 606 qui
619 505 828 606 praeterit,
872 529 1024 582 nomen
1061 501 1126 582 est.
1199 501 1261 582 Ab
1289 527 1338 582 eo

321 640 508 718 Frentani
529 641 611 716 iam
629 640 797 716 Matrini
818 640 966 716 habent
991 655 1031 716 et
1053 638 1196 718 Aterni
1205 637 1340 741 pilum

323 779 387 854 nia
411 773 526 865 ostia,
557 775 673 853 urbes
695 779 840 852 Bucam
862 790 902 850 et
923 769 1176 852 Histonium:
1213 773 1341 852 Dauni

323 928 458 988 autern
489 909 704 987 Tifernum
731 934 909 1002 amnem3
954 910 1209 1000 Cliterniam,
1242 911 1342 985 Leri-

323 1072 446 1135 num,
478 1051 680 1135 Teanum,
708 1043 876 1147 oppida;
919 1060 1183 1146 montemque
1210 1049 1342 1144 Garga·

290 1203 441 1276 7num.
504 1181 623 1257 Sinus
651 1178 708 1256 est
737 1182 931 1257 continuo
970 1180 1104 1280 Apulo
1143 1181 1262 1258 litore
1287 1181 1342 1256 in·

328 1317 500 1403 cinctus,
527 1313 694 1390 nomine
720 1317 854 1403 Urias,
890 1314 1075 1392 modicus
1092 1312 1242 1416 spatio,
1268 1315 1343 1415 ple-

327 1473 448 1550 raque
468 1447 577 1552 asper
595 1446 763 1526 accello:
796 1464 903 1524 extra
925 1451 1162 1550 Sipontum,
1193 1451 1259 1526 vel
1280 1455 1343 1551 (ut

328 1587 438 1662 Graii
463 1584 625 1689 dixere)
649 1586 789 1685 Sipus;
824 1600 866 1660 et
881 1583 1057 1675 flumen,
1088 1585 1204 1686 quod
1223 1586 1342 1662 Canu·

327 1717 430 1797 llum
451 1719 675 1822 adtingens,
702 1716 896 1796 Aufidum
916 1717 1137 1820 adpellant:
1174 1717 1262 1821 poll
1282 1723 1343 1792 Ba·

327 1855 457 1944 rium,
492 1871 533 1930 et
548 1835 715 1944 Gnatia,
748 1869 789 1928 et
814 1853 947 1930 Ennio
973 1855 1061 1931 cive
1088 1855 1247 1931 nobiles
1268 1856 1342 1928 Ru·

220 2009 226 2020 ·
329 1987 437 2064 diae:
481 2004 522 2063 et
543 1990 623 2063 iam
645 1989 690 2062 in
710 1985 888 2064 Calabria
911 1985 1206 2078 Bnmdufium,
1242 1987 1343 2064 Vale·

329 2123 445 2211 tium,
473 2124 637 2224 Lupiae,
667 2119 832 2222 Hydrus
851 2144 988 2199 mons:
1034 2140 1124 2200 turn
1150 2119 1342 2198 Sallentini

331 2259 480 2356 campi,
507 2275 547 2332 et
564 2257 776 2334 Sallentina
797 2257 937 2346 litora,
966 2272 1005 2332 et
1020 2243 1115 2334 urbs
1132 2259 1248 2333 Graia
1264 2254 1342 2333 Cal·

329 2391 475 2491 lipolie.
531 2397 750 2492 Hucusque
779 2389 947 2480 Hadria,
985 2390 1198 2492 hucusque
1222 2387 1341 2465 Italiae

290 2539 313 2607 8
331 2527 432 2604 latua
450 2529 618 2604 alterum
636 2527 818 2628 pertinet.
855 2530 981 2605 Frons
1001 2527 1088 2602 eius
1104 2527 1246 2603 induo
1263 2523 1341 2624 qui·

329 2659 423 2738 dem
444 2659 483 2737 se
507 2689 658 2741 cornua
679 2660 805 2766 (ficut
823 2656 941 2761 supra
963 2659 1167 2762 diximus)
1190 2657 1338 2736 scindit:

329 2812 506 2872 ceterum
536 2823 663 2888 mare,
705 2793 819 2894 quod
841 2797 947 2870 inter
970 2809 1141 2895 utraque
1167 2791 1339 2882 admittit,

327 2933 518 3008 tenuibus
531 2929 818 3033 promontoriis
832 2927 953 3005 semel
968 2930 1197 3030 iterumque
1215 2924 1338 3003 distin·

285 3132 293 3152 ,
329 3089 474 3164 guone,
513 3091 597 3140 non
617 3091 707 3141 vuno
731 3066 909 3165 margine
933 3063 1092 3154 circuit,
1129 3089 1204 3140 nec
1229 3053 1339 3136 diffu-

328 3196 416 3275 sum
433 3217 667 3301 patensque,
693 3197 761 3275 led
776 3223 849 3300 per
867 3196 972 3274 finus
989 3199 1140 3298 recipit.
1193 3197 1338 3274 Primus

328 3337 567 3410 Tarentinus
587 3333 752 3423 dicitur,
778 3336 883 3409 inter
904 3335 1181 3433 promontoria
1202 3329 1336 3406 Sallen·

327 3469 461 3542 tinum
478 3485 516 3543 et
531 3471 759 3558 Lacinium,
798 3472 842 3544 in
860 3491 989 3567 eoque
1005 3464 1098 3543 sunt
1117 3473 1335 3544 Tarentum

326 3605 626 3702 Metapontum,
681 3605 887 3694 Heraclea,
932 3604 1079 3692 Croto,
1122 3600 1333 3679 Thurium:
1372 3623 1374 3632 ’

325 3733 523 3813 secundus
550 3739 775 3838 Scylaceus,
810 3740 916 3813 inter
940 3737 1214 3838 promontoria
1235 3727 1335 3810 laci·

324 3873 441 3948 nium
458 3887 497 3947 et
511 3873 780 3974 Zephyrium,
816 3874 861 3946 in
883 3898 965 3972 quo
987 3869 1042 3948 est
1058 3872 1223 3958 Petelia,
1249 3865 1333 3942 Car·

325 4008 457 4101 cinus,
486 4011 734 4112 Scylaceum,
763 4005 956 4112 Mystiae:
990 4007 1131 4085 tertius
1151 4007 1252 4084 inter
1268 3999 1331 4076 Ze·
