2816 4920
208 405 273 464 ne
301 397 412 463 airu
438 399 593 518 sonere
624 401 716 462 rm.
744 397 801 460 nr.
844 399 877 460 c.
898 400 953 462 vr.
1050 409 1094 478 93

76 576 314 677 dentemque
354 574 548 675 proiecta,
598 569 739 674 grandi
775 571 923 674 angulo
959 563 1096 647 Rheni

75 710 171 788 ostia
207 708 417 813 prospicit;
468 706 616 783 deinde
653 708 816 810 oblique
842 721 949 784 retro
975 706 1096 782 latera

74 844 281 936 abstrahit,
319 845 443 920 altero
469 842 656 932 Galliam,
691 845 814 919 altero
844 843 1097 920 Germaniam

74 981 267 1084 spectans:
297 996 386 1056 tum
400 975 536 1056 rurlus
551 992 745 1080 perpetuo
762 979 940 1078 margine
956 977 1098 1054 directi

75 1119 203 1192 lituris
221 1117 270 1191 ab
284 1131 441 1216 tergore
456 1113 648 1203 obducta,
676 1115 824 1190 iterum
840 1111 879 1189 se
896 1115 941 1188 in
963 1111 1098 1190 diver·

73 1249 136 1329 ios
157 1252 325 1352 angulos
340 1265 485 1325 enneat
504 1251 714 1350 triquetra,
743 1264 783 1324 et
803 1247 958 1326 Siciliae
974 1251 1099 1324 maxi·

74 1411 139 1462 me
170 1383 326 1473 fimitis,
360 1385 496 1485 plana,
530 1387 692 1486 ingene,
724 1380 917 1474 fecunda,
954 1409 1099 1460 verum

74 1521 158 1611 hia,
186 1545 289 1622 quae
309 1545 472 1622 pecora,
506 1545 627 1622 quam
648 1519 851 1608 homines,
884 1519 1099 1619 benignius

1 1735 2 1738 ,
74 1656 192 1732 alant
269 1661 361 1732 Fert
388 1681 572 1743 nemora,
616 1655 725 1732 lacus
762 1680 805 1728 ac
841 1653 1136 1755 praegrandia5

1 1817 2 1820 ’
73 1787 265 1881 flumina,
304 1793 464 1868 alternis
491 1789 668 1866 motibus
696 1786 820 1867 modo
850 1790 896 1864 in
924 1788 1100 1891 pelagus,

72 1925 201 2002 modo
237 1941 344 2002 retro
380 1923 564 2016 fluentia,
605 1927 651 2002 'et
692 1923 887 2027 quaedam
925 1947 1100 2025 gemmas

73 2063 383 2162 margaritasque
414 2061 651 2162 generantia.
713 2065 805 2138 Fert
834 2061 1009 2163 populos
1037 2085 1101 2138 re·

1 2269 2 2274 a
74 2219 227 2296 geeque
252 2199 522 2298 populorum:
570 2193 639 2271 sed
662 2193 754 2271 lunt
779 2196 924 2272 inculti
949 2219 1101 2289 omnes,

1 2373 2 2433 3
75 2347 199 2430 atque
216 2347 262 2406 ut
275 2332 436 2433 longius
452 2357 474 2406 a
491 2333 714 2409 continenti
730 2327 882 2422 absunt,
906 2333 960 2407 ita
976 2336 1101 2435 magis

76 2467 247 2540 aliarum
268 2491 397 2568 opum
418 2467 566 2567 ignari,
599 2481 753 2542 tautum
777 2492 918 2568 pecore
946 2493 989 2544 ae
1011 2465 1103 2544 fini·

75 2601 159 2677 bus
194 2599 317 2690 dites,
359 2603 558 2676 incertum
591 2603 645 2678 ob
680 2600 885 2692 decorem,
924 2627 975 2680 an
999 2603 1102 2703 quid

1 2795 2 2828 q
78 2735 213 2824 aliud,
252 2737 359 2812 vitro
396 2761 563 2838 corpora
592 2733 741 2812 infecti.
800 2733 943 2814 Causas
970 2752 1103 2816 tamen

1 2887 2 2968 ξ
79 2869 285 2946 bellorum
304 2885 343 2946 et
361 2871 465 2948 bella
487 2871 749 2959 contrahunt,
785 2895 828 2944 ae
852 2867 891 2944 se
914 2867 1104 2972 frequen·

78 3019 141 3080 ter
181 3005 358 3082 invicem
397 3003 602 3097 infestant,
646 3007 816 3082 maxime
847 3006 1104 3107 imperitandi

79 3138 287 3241 cupidine,
312 3137 525 3241 studioque
547 3167 592 3216 ea
612 3137 848 3244 prolatandi,
874 3164 975 3239 quae
992 3139 1104 3244 poffi·

1 3249 2 3266 ἵ
81 3275 191 3352 dent.
248 3277 452 3352 Dimicant
471 3301 552 3351 non
571 3278 750 3376 equitatu
768 3274 915 3366 modo,
947 3291 1016 3353 aut
1035 3302 1104 3379 pe·

81 3411 187 3500 dite,
218 3435 364 3486 verum
386 3427 426 3486 et
450 3411 553 3512 bigis
577 3427 616 3486 et
638 3413 840 3502 curribus,
876 3413 1024 3488 Gallice
1044 3437 1106 3489 ar·

5 3647 9 3658 .
81 3549 203 3624 mati:
242 3547 436 3624 covinnos
460 3562 626 3637 vocant,
658 3572 834 3646 quorum
854 3529 1003 3624 fulcitis
1025 3551 1106 3623 axi·

1 3723 2 3726 ¹
83 3683 161 3760 bus
186 3696 368 3758 utuntur.
426 3683 554 3782 Super
576 3682 819 3758 Britanniam
841 3660 1014 3758 laverna
1037 3681 1142 3773 est‚6

55 3841 58 3846 ’
84 3843 212 3919 paene
229 3842 302 3918 par
318 3812 462 3916 spetio,
493 3814 561 3892 sed
582 3817 785 3916 utrimque
807 3818 962 3917 aequali
979 3830 1107 3894 tractu

84 3954 256 4030 litorum
280 3951 472 4052 oblonga:
513 3953 611 4028 caeli
631 3951 682 4027 ad
702 3950 934 4028 maturanda
958 3947 1107 4026 lemma

84 4087 243 4192 iniqui,
283 4111 428 4164 verum
463 4085 563 4176 adeo
596 4083 807 4166 luxuriosa·
834 4085 988 4175 herbis,
1021 4111 1107 4164 non
