2868 4930
482 397 581 459 CH.
621 397 728 462 Vnt.
1031 419 1129 478 01¹1

61 618 65 624 -
88 567 184 644 visua
200 563 454 641 imbecillitate
468 563 680 663 deceptum,
706 561 770 660 qui
783 560 825 636 in
839 561 914 638 fure
927 563 1130 668 adscriptae

88 690 245 788 eleganti
273 713 387 762 manu
419 685 540 762 fuero
569 683 745 759 emtionis
772 709 909 776 1111111,
951 713 1037 764 eum
1062 719 1132 790 pro

89 837 186 883 anno
201 806 440 906 impreffionia
456 807 572 881 factae
587 803 759 894 tribuite,
785 824 823 878 et
836 831 921 882 vere
937 807 1004 884 effe
1018 813 1135 910 ipsam

92 932 294 1004 editionem
312 927 451 1008 tJrffifii
470 927 627 1006 uaffleae
648 927 747 1027 apud
767 927 1001 1029 Huricpetri
1023 953 1132 1032 1595.

89 1055 289 1152 vulgatam.

339 1291 400 1379 76.
455 1239 657 1362 Parisiis
686 1288 795 1382 1619.
829 1305 891 1381 14.

166 1440 300 1515 Nudus
323 1437 372 1516 est
392 1442 515 1516 Melae
537 1456 661 1512 textus
685 1463 732 1511 ex
756 1437 964 1518 reemfione
984 1445 1135 1522 Sohotti.

91 1563 201 1638 Fides
219 1559 268 1634 eft
281 1587 392 1660 penes
410 1561 611 1660 Georgium
632 1559 673 1634 in
687 1558 786 1632 libro
801 1561 1138 1644 eucher-Leucon

93 1693 136 1758 T.
154 1707 188 1772 5.
205 1711 240 1780 p.
258 1703 317 1771 15.
341 1707 388 1757 ex
401 1705 476 1782 quo
490 1681 602 1756 refert
614 1687 782 1781 Hagerue
797 1707 835 1779 p.
848 1701 935 1773 519.
950 1706 980 1758 c.
995 1687 1023 1760 l.
1054 1693 1138 1790 Ego

94 1831 174 1879 non
198 1805 289 1880 ridi.
768 1849 773 1860 ·

340 2059 401 2129 77.
457 2034 657 2111 Parisiis
687 2038 797 2125 1615.
835 2059 892 2112 11.

173 2207 268 2276 Cum
284 2199 438 2274 Aethieo
460 2216 497 2272 et
511 2200 664 2274 Heuriei
685 2201 853 2275 Glareani
870 2203 1142 2301 compendiaria

99 2323 340 2420 descriptione
360 2321 459 2395 orbis
476 2338 666 2393 terrarum.
706 2327 819 2395 Hune
833 2323 985 2421 quidem
1000 2349 1143 2402 tonum

98 2444 287 2521 Fabriciue
313 2461 351 2516 et
376 2469 422 2516 ex
448 2442 518 2514 illo
539 2447 708 2540 Hegerus
729 2461 766 2515 et
785 2440 973 2519 Ernestiue
997 2465 1143 2521 notant.

99 2566 265 2664 Kappiue
296 2565 337 2637 in
373 2563 536 2637 editione
567 2565 677 2636 altera
716 2563 825 2660 ponit
860 2589 1003 2640 annum
1033 2571 1143 2644 1616.

100 2687 287 2788 Equidem
306 2686 401 2760 nihil
427 2682 568 2783 potrum
592 2681 754 2759 statuere.

351 2939 410 3012 73.
466 2918 666 2995 Parisiis
694 2921 804 3006 1635.
840 2939 898 2992 11.

182 3093 224 3163 Ρ.
241 3090 293 3157 Μ.
316 3124 366 3142 -
390 3103 423 3154 et
438 3091 565 3156 Aeetias·
586 3081 850 3184 cosmographia
873 3089 974 3156 Hem.
995 3087 1148 3156 olorum

103 3211 345 3296 compendiaria
366 3202 537 3305 descriptio
563 3209 647 3275 orbis
668 3225 824 3276 terrarum
847 3211 937 3298 apud
955 3213 1005 3278 Io.
1024 3210 1148 3280 utere.

102 3333 162 3402 Ita
186 3351 268 3400 eam
289 3342 395 3399 notat
409 3326 598 3400 Meitteire
618 3326 659 3400 in
681 3329 802 3402 annal.
822 3325 1038 3425 typograph.
1052 3331 1095 3400 Τ.
1112 3345 1147 3416 3.

103 3455 147 3524 1³.
166 3473 201 3522 1.
221 3471 256 3544 p.
272 3467 357 3543 599.
407 3445 446 3520 si
468 3449 621 3522 titulum
641 3447 828 3546 inspicias,
853 3447 980 3522 eadem
1001 3446 1151 3522 videtur

106 3568 188 3658 effe,
204 3594 296 3666 quae
310 3567 536 3665 praecedens,
553 3587 589 3642 et
604 3570 644 3641 in
660 3570 836 3642 alterutro
852 3567 999 3642 numeri
1011 3565 1152 3641 indicio

104 3691 247 3769 vitium
262 3687 405 3764 [ubete.
436 3695 616 3764 Neutrum
631 3687 705 3786 ipse
722 3689 814 3772 vidi.
1106 3672 1111 3688 ¹

321 3948 380 4020 79.
437 3918 711 3998 Helmstadii
739 3928 849 4014 1655.
885 3943 944 3998 11.

183 4087 334 4186 Repetit
353 4089 499 4164 nudum
520 4105 665 4164 textum
689 4087 843 4164 emetri.
