<?xml version="1.0" encoding="UTF-8"?>
<!DOCTYPE html PUBLIC "-//W3C//DTD XHTML 1.0 Transitional//EN"
    "http://www.w3.org/TR/xhtml1/DTD/xhtml1-transitional.dtd">
<html xmlns="http://www.w3.org/1999/xhtml" xml:lang="en" lang="en">
 <head>
  <title>
</title>
<meta http-equiv="Content-Type" content="text/html;charset=utf-8" />
  <meta name='ocr-system' content='tesseract 3.04.00' />
  <meta name='ocr-capabilities' content='ocr_page ocr_carea ocr_par ocr_line ocrx_word'/>
</head>
<body>
  <div class='ocr_page' id='page_1' title='image "./pomponiimelaede01melagoog_0199.png"; bbox 0 0 2816 4920; ppageno 0'>
   <div class='ocr_carea' id='block_1_1' title="bbox 44 383 1074 480">
    <p class='ocr_par' dir='ltr' id='par_1_1' title="bbox 44 383 1074 480">
     <span class='ocr_line' id='line_1_1' title="bbox 44 383 1074 480; baseline 0.002 -26"><span class='ocrx_word' id='word_1_1' title='bbox 44 383 48 390; x_wconf 84' lang='lat'>&#39;</span> <span class='ocrx_word' id='word_1_2' title='bbox 189 397 253 454; x_wconf 81' lang='lat' dir='ltr'><strong>nu</strong></span> <span class='ocrx_word' id='word_1_3' title='bbox 290 393 404 456; x_wconf 77' lang='lat' dir='ltr'><strong>stro</strong></span> <span class='ocrx_word' id='word_1_4' title='bbox 438 385 583 454; x_wconf 77' lang='lat' dir='ltr'><strong>ornas</strong></span> <span class='ocrx_word' id='word_1_5' title='bbox 616 395 707 454; x_wconf 80' lang='lat' dir='ltr'><strong>nra.</strong></span> <span class='ocrx_word' id='word_1_6' title='bbox 736 398 761 454; x_wconf 88' lang='lat' dir='ltr'><strong>r.</strong></span> <span class='ocrx_word' id='word_1_7' title='bbox 804 395 940 456; x_wconf 75' lang='lat' dir='ltr'><strong>nxvr.</strong></span> <span class='ocrx_word' id='word_1_8' title='bbox 1033 409 1074 480; x_wconf 67' lang='grc' dir='ltr'><strong>ι,</strong></span> 
     </span>
    </p>
   </div>
   <div class='ocr_carea' id='block_1_2' title="bbox 64 562 1162 1052">
    <p class='ocr_par' dir='ltr' id='par_1_2' title="bbox 64 562 1162 1052">
     <span class='ocr_line' id='line_1_2' title="bbox 65 562 1075 667; baseline 0.001 -23"><span class='ocrx_word' id='word_1_9' title='bbox 65 583 101 644; x_wconf 79' lang='lat' dir='ltr'><strong>et</strong></span> <span class='ocrx_word' id='word_1_10' title='bbox 130 567 280 644; x_wconf 83' lang='lat' dir='ltr'><strong>oraculi</strong></span> <span class='ocrx_word' id='word_1_11' title='bbox 309 562 388 642; x_wconf 82' lang='lat' dir='ltr'><strong>fido</strong></span> <span class='ocrx_word' id='word_1_12' title='bbox 423 566 624 667; x_wconf 83' lang='lat' dir='ltr'><strong>Delphico</strong></span> <span class='ocrx_word' id='word_1_13' title='bbox 660 562 798 650; x_wconf 79' lang='lat' dir='ltr'><strong>similo.</strong></span> <span class='ocrx_word' id='word_1_14' title='bbox 869 567 984 643; x_wconf 82' lang='lat' dir='ltr'><strong>Ultra</strong></span> <span class='ocrx_word' id='word_1_15' title='bbox 1018 567 1075 646; x_wconf 77' lang='lat' dir='ltr'><strong>est</strong></span> 
     </span>
     <span class='ocr_line' id='line_1_3' title="bbox 65 699 1162 802; baseline 0.003 -22"><span class='ocrx_word' id='word_1_16' title='bbox 65 703 234 780; x_wconf 76' lang='lat' dir='ltr'>Xanthus</span> <span class='ocrx_word' id='word_1_17' title='bbox 252 699 429 791; x_wconf 86' lang='lat' dir='ltr'><strong>flumen,</strong></span> <span class='ocrx_word' id='word_1_18' title='bbox 457 716 497 777; x_wconf 81' lang='lat' dir='ltr'><strong>et</strong></span> <span class='ocrx_word' id='word_1_19' title='bbox 512 702 689 780; x_wconf 80' lang='lat' dir='ltr'>Xanthos</span> <span class='ocrx_word' id='word_1_20' title='bbox 713 699 930 802; x_wconf 88' lang='lat' dir='ltr'><strong>oppidum,</strong></span> <span class='ocrx_word' id='word_1_21' title='bbox 958 726 1074 782; x_wconf 86' lang='lat' dir='ltr'><strong>mons</strong></span> <span class='ocrx_word' id='word_1_22' title='bbox 1159 711 1162 718; x_wconf 87' lang='lat'>&#39;</span> 
     </span>
     <span class='ocr_line' id='line_1_4' title="bbox 66 833 1075 942; baseline 0.002 -26"><span class='ocrx_word' id='word_1_23' title='bbox 66 841 227 938; x_wconf 81' lang='lat' dir='ltr'>Cragus,</span> <span class='ocrx_word' id='word_1_24' title='bbox 265 851 324 928; x_wconf 83' lang='lat' dir='ltr'><strong>et,</strong></span> <span class='ocrx_word' id='word_1_25' title='bbox 369 862 471 941; x_wconf 83' lang='lat' dir='ltr'><strong>quae</strong></span> <span class='ocrx_word' id='word_1_26' title='bbox 506 839 672 942; x_wconf 79' lang='lat' dir='ltr'>Lyciam</span> <span class='ocrx_word' id='word_1_27' title='bbox 705 833 815 928; x_wconf 86' lang='lat' dir='ltr'><strong>finit,</strong></span> <span class='ocrx_word' id='word_1_28' title='bbox 851 837 947 918; x_wconf 78' lang='lat' dir='ltr'><strong>urhr</strong></span> <span class='ocrx_word' id='word_1_29' title='bbox 982 839 1075 918; x_wconf 87' lang='lat' dir='ltr'><strong>Tel·</strong></span> 
     </span>
     <span class='ocr_line' id='line_1_5' title="bbox 64 969 201 1052; baseline -0.015 0"><span class='ocrx_word' id='word_1_30' title='bbox 64 969 201 1052; x_wconf 80' lang='lat' dir='ltr'><strong>mettas.</strong></span> 
     </span>
    </p>
   </div>
   <div class='ocr_carea' id='block_1_3' title="bbox 393 1269 729 1371">
    <p class='ocr_par' dir='ltr' id='par_1_3' title="bbox 393 1269 729 1371">
     <span class='ocr_line' id='line_1_6' title="bbox 393 1269 729 1371; baseline -0.003 0"><span class='ocrx_word' id='word_1_31' title='bbox 393 1291 562 1371; x_wconf 81' lang='lat' dir='ltr'><strong>car.</strong></span> <span class='ocrx_word' id='word_1_32' title='bbox 618 1269 729 1370; x_wconf 79' lang='lat' dir='ltr'><strong>&#39;xvn</strong></span> 
     </span>
    </p>
   </div>
   <div class='ocr_carea' id='block_1_4' title="bbox 465 1483 660 1536">
    <p class='ocr_par' dir='ltr' id='par_1_4' title="bbox 465 1483 660 1536">
     <span class='ocr_line' id='line_1_7' title="bbox 465 1483 660 1536; baseline 0 -2"><span class='ocrx_word' id='word_1_33' title='bbox 465 1483 660 1536; x_wconf 74' lang='lat' dir='ltr'><strong>canta.</strong></span> 
     </span>
    </p>
   </div>
   <div class='ocr_carea' id='block_1_5' title="bbox 45 1657 1174 4196">
    <p class='ocr_par' dir='ltr' id='par_1_5' title="bbox 45 1657 1174 4196">
     <span class='ocr_line' id='line_1_8' title="bbox 136 1657 1106 1760; baseline -0.005 -21"><span class='ocrx_word' id='word_1_34' title='bbox 136 1659 251 1739; x_wconf 78' lang='lat' dir='ltr'><strong>caria</strong></span> <span class='ocrx_word' id='word_1_35' title='bbox 269 1657 458 1760; x_wconf 81' lang='lat' dir='ltr'><strong>sequitur.</strong></span> <span class='ocrx_word' id='word_1_36' title='bbox 503 1658 691 1734; x_wconf 84' lang='lat' dir='ltr'><strong>Habitant</strong></span> <span class='ocrx_word' id='word_1_37' title='bbox 708 1657 878 1734; x_wconf 83' lang='lat' dir='ltr'><strong>incertae</strong></span> <span class='ocrx_word' id='word_1_38' title='bbox 894 1659 1071 1760; x_wconf 86' lang='lat' dir='ltr'><strong>originis,</strong></span> <span class='ocrx_word' id='word_1_39' title='bbox 1089 1685 1106 1734; x_wconf 88' lang='grc' dir='ltr'>ι</span> 
     </span>
     <span class='ocr_line' id='line_1_9' title="bbox 56 1792 1073 1896; baseline 0.004 -28"><span class='ocrx_word' id='word_1_40' title='bbox 56 1795 146 1888; x_wconf 83' lang='lat' dir='ltr'><strong>(alii</strong></span> <span class='ocrx_word' id='word_1_41' title='bbox 180 1794 408 1894; x_wconf 85' lang='lat' dir='ltr'><strong>indigenas,</strong></span> <span class='ocrx_word' id='word_1_42' title='bbox 448 1792 538 1870; x_wconf 85' lang='lat' dir='ltr'><strong>sunt</strong></span> <span class='ocrx_word' id='word_1_43' title='bbox 565 1796 638 1894; x_wconf 90' lang='lat' dir='ltr'><strong>qui</strong></span> <span class='ocrx_word' id='word_1_44' title='bbox 668 1794 866 1894; x_wconf 85' lang='lat' dir='ltr'><strong>Pelasgos,</strong></span> <span class='ocrx_word' id='word_1_45' title='bbox 908 1793 1073 1896; x_wconf 90' lang='lat' dir='ltr'><strong>quidam</strong></span> 
     </span>
     <span class='ocr_line' id='line_1_10' title="bbox 55 1927 1072 2032; baseline 0.002 -27"><span class='ocrx_word' id='word_1_46' title='bbox 55 1927 453 2030; x_wconf 83' lang='lat' dir='ltr'><strong>Cretas&#39;existimant)</strong></span> <span class='ocrx_word' id='word_1_47' title='bbox 483 1955 609 2032; x_wconf 84' lang='lat' dir='ltr'><strong>genus</strong></span> <span class='ocrx_word' id='word_1_48' title='bbox 632 1953 761 2030; x_wconf 84' lang='lat' dir='ltr'><strong>usque</strong></span> <span class='ocrx_word' id='word_1_49' title='bbox 791 1955 839 2006; x_wconf 89' lang='lat' dir='ltr'><strong>eo</strong></span> <span class='ocrx_word' id='word_1_50' title='bbox 864 1930 1072 2031; x_wconf 90' lang='lat' dir='ltr'><strong>quondam</strong></span> 
     </span>
     <span class='ocr_line' id='line_1_11' title="bbox 56 2067 1071 2166; baseline 0.006 -28"><span class='ocrx_word' id='word_1_51' title='bbox 56 2089 256 2142; x_wconf 88' lang='lat' dir='ltr'><strong>armorum</strong></span> <span class='ocrx_word' id='word_1_52' title='bbox 281 2089 518 2166; x_wconf 83' lang='lat' dir='ltr'>pugnaeque</span> <span class='ocrx_word' id='word_1_53' title='bbox 542 2089 695 2154; x_wconf 88' lang='lat' dir='ltr'><strong>amans,</strong></span> <span class='ocrx_word' id='word_1_54' title='bbox 734 2081 781 2142; x_wconf 92' lang='lat' dir='ltr'><strong>ut</strong></span> <span class='ocrx_word' id='word_1_55' title='bbox 804 2067 929 2142; x_wconf 87' lang='lat' dir='ltr'><strong>aliena</strong></span> <span class='ocrx_word' id='word_1_56' title='bbox 953 2070 1071 2144; x_wconf 84' lang='lat' dir='ltr'><strong>etiam</strong></span> 
     </span>
     <span class='ocr_line' id='line_1_12' title="bbox 57 2199 1072 2301; baseline 0.005 -28"><span class='ocrx_word' id='word_1_57' title='bbox 57 2199 156 2274; x_wconf 87' lang='lat' dir='ltr'><strong>bella</strong></span> <span class='ocrx_word' id='word_1_58' title='bbox 187 2201 436 2278; x_wconf 86' lang='lat' dir='ltr'>mercedibus</span> <span class='ocrx_word' id='word_1_59' title='bbox 466 2215 635 2301; x_wconf 82' lang='lat' dir='ltr'><strong>agerent</strong></span> <span class='ocrx_word' id='word_1_60' title='bbox 692 2201 768 2276; x_wconf 87' lang='lat' dir='ltr'><strong>Hic</strong></span> <span class='ocrx_word' id='word_1_61' title='bbox 802 2199 954 2277; x_wconf 85' lang='lat' dir='ltr'><strong>castella</strong></span> <span class='ocrx_word' id='word_1_62' title='bbox 981 2201 1072 2280; x_wconf 82' lang='lat' dir='ltr'><strong>sunt</strong></span> 
     </span>
     <span class='ocr_line' id='line_1_13' title="bbox 55 2333 1071 2437; baseline 0.008 -30"><span class='ocrx_word' id='word_1_63' title='bbox 55 2335 227 2435; x_wconf 79' lang='lat' dir='ltr'>aliquot:</span> <span class='ocrx_word' id='word_1_64' title='bbox 268 2335 363 2411; x_wconf 89' lang='lat' dir='ltr'><strong>dein</strong></span> <span class='ocrx_word' id='word_1_65' title='bbox 385 2338 661 2437; x_wconf 88' lang='lat' dir='ltr'><strong>promontoria</strong></span> <span class='ocrx_word' id='word_1_66' title='bbox 684 2333 789 2425; x_wconf 88' lang='lat' dir='ltr'><strong>duo,</strong></span> <span class='ocrx_word' id='word_1_67' title='bbox 823 2337 1013 2415; x_wconf 80' lang='lat' dir='ltr'>Pedalion</span> <span class='ocrx_word' id='word_1_68' title='bbox 1031 2354 1071 2415; x_wconf 87' lang='lat' dir='ltr'><strong>et</strong></span> 
     </span>
     <span class='ocr_line' id='line_1_14' title="bbox 54 2469 1071 2570; baseline 0.006 -24"><span class='ocrx_word' id='word_1_69' title='bbox 54 2471 179 2570; x_wconf 87' lang='lat' dir='ltr'>Crya,</span> <span class='ocrx_word' id='word_1_70' title='bbox 226 2486 265 2547; x_wconf 85' lang='lat' dir='ltr'><strong>et</strong></span> <span class='ocrx_word' id='word_1_71' title='bbox 294 2469 514 2548; x_wconf 81' lang='lat' dir='ltr'><strong>secundum</strong></span> <span class='ocrx_word' id='word_1_72' title='bbox 545 2470 700 2547; x_wconf 82' lang='lat' dir='ltr'>Calbim</span> <span class='ocrx_word' id='word_1_73' title='bbox 727 2497 883 2548; x_wconf 89' lang='lat' dir='ltr'><strong>amnem</strong></span> <span class='ocrx_word' id='word_1_74' title='bbox 909 2475 1071 2552; x_wconf 84' lang='lat' dir='ltr'><strong>Caunus</strong></span> 
     </span>
     <span class='ocr_line' id='line_1_15' title="bbox 54 2604 1068 2705; baseline 0.005 -27"><span class='ocrx_word' id='word_1_75' title='bbox 54 2605 249 2705; x_wconf 91' lang='lat' dir='ltr'><strong>oppidum</strong></span> <span class='ocrx_word' id='word_1_76' title='bbox 306 2604 533 2682; x_wconf 84' lang='lat' dir='ltr'><strong>valetudine</strong></span> <span class='ocrx_word' id='word_1_77' title='bbox 590 2607 854 2682; x_wconf 72' lang='lat' dir='ltr'>habitantium</span> <span class='ocrx_word' id='word_1_78' title='bbox 908 2604 1068 2684; x_wconf 84' lang='lat' dir='ltr'><strong>infame.</strong></span> 
     </span>
     <span class='ocr_line' id='line_1_16' title="bbox 52 2737 1105 2820; baseline -0.001 -6"><span class='ocrx_word' id='word_1_79' title='bbox 52 2740 221 2815; x_wconf 88' lang='lat' dir='ltr'><strong>Indead</strong></span> <span class='ocrx_word' id='word_1_80' title='bbox 246 2737 534 2818; x_wconf 80' lang='lat' dir='ltr'><strong>Halicarnaffon</strong></span> <span class='ocrx_word' id='word_1_81' title='bbox 567 2741 664 2816; x_wconf 88' lang='lat' dir='ltr'><strong>haec</strong></span> <span class='ocrx_word' id='word_1_82' title='bbox 697 2741 843 2816; x_wconf 83' lang='lat' dir='ltr'><strong>iacent:</strong></span> <span class='ocrx_word' id='word_1_83' title='bbox 886 2741 1105 2820; x_wconf 83' lang='lat' dir='ltr'><strong>Rhodio-rt</strong></span> 
     </span>
     <span class='ocr_line' id='line_1_17' title="bbox 53 2873 1069 2976; baseline 0 -26"><span class='ocrx_word' id='word_1_84' title='bbox 53 2901 143 2950; x_wconf 89' lang='lat' dir='ltr'><strong>rum</strong></span> <span class='ocrx_word' id='word_1_85' title='bbox 166 2876 320 2974; x_wconf 89' lang='lat' dir='ltr'><strong>aliquot</strong></span> <span class='ocrx_word' id='word_1_86' title='bbox 341 2876 537 2966; x_wconf 82' lang='lat' dir='ltr'><strong>coloniae;</strong></span> <span class='ocrx_word' id='word_1_87' title='bbox 579 2890 719 2976; x_wconf 85' lang='lat' dir='ltr'><strong>portus</strong></span> <span class='ocrx_word' id='word_1_88' title='bbox 738 2873 833 2964; x_wconf 93' lang='lat' dir='ltr'><strong>duo,</strong></span> <span class='ocrx_word' id='word_1_89' title='bbox 859 2876 989 2967; x_wconf 77' lang='lat' dir='ltr'><strong>Gelon,</strong></span> <span class='ocrx_word' id='word_1_90' title='bbox 1017 2891 1069 2966; x_wconf 83' lang='lat' dir='ltr'><strong>et,</strong></span> 
     </span>
     <span class='ocr_line' id='line_1_18' title="bbox 53 3007 1069 3110; baseline 0.002 -24"><span class='ocrx_word' id='word_1_91' title='bbox 53 3013 118 3086; x_wconf 85' lang='lat' dir='ltr'><strong>cui</strong></span> <span class='ocrx_word' id='word_1_92' title='bbox 147 3034 197 3086; x_wconf 84' lang='lat' dir='ltr'><strong>ex</strong></span> <span class='ocrx_word' id='word_1_93' title='bbox 226 3012 344 3098; x_wconf 88' lang='lat' dir='ltr'><strong>urbe,</strong></span> <span class='ocrx_word' id='word_1_94' title='bbox 397 3035 517 3110; x_wconf 89' lang='lat' dir='ltr'><strong>quam</strong></span> <span class='ocrx_word' id='word_1_95' title='bbox 561 3010 831 3110; x_wconf 85' lang='lat' dir='ltr'><strong>amplectitur,</strong></span> <span class='ocrx_word' id='word_1_96' title='bbox 883 3007 1069 3088; x_wconf 83' lang='lat' dir='ltr'><strong>Tisanusa</strong></span> 
     </span>
     <span class='ocr_line' id='line_1_19' title="bbox 52 3143 1068 3246; baseline 0.004 -28"><span class='ocrx_word' id='word_1_97' title='bbox 52 3169 273 3246; x_wconf 85' lang='lat' dir='ltr'><strong>cognomen</strong></span> <span class='ocrx_word' id='word_1_98' title='bbox 299 3143 373 3236; x_wconf 83' lang='lat' dir='ltr'><strong>est;</strong></span> <span class='ocrx_word' id='word_1_99' title='bbox 413 3148 605 3222; x_wconf 86' lang='lat' dir='ltr'><strong>intereos</strong></span> <span class='ocrx_word' id='word_1_100' title='bbox 631 3143 828 3246; x_wconf 89' lang='lat' dir='ltr'><strong>oppidum</strong></span> <span class='ocrx_word' id='word_1_101' title='bbox 855 3149 1068 3236; x_wconf 77' lang='lat' dir='ltr'><strong>Larumna,</strong></span> 
     </span>
     <span class='ocr_line' id='line_1_20' title="bbox 52 3276 1068 3371; baseline 0.006 -18"><span class='ocrx_word' id='word_1_102' title='bbox 52 3295 90 3353; x_wconf 84' lang='lat' dir='ltr'><strong>et</strong></span> <span class='ocrx_word' id='word_1_103' title='bbox 111 3279 291 3356; x_wconf 88' lang='lat' dir='ltr'><strong>Pandion</strong></span> <span class='ocrx_word' id='word_1_104' title='bbox 313 3281 444 3371; x_wconf 70' lang='lat' dir='ltr'><strong>colliS,</strong></span> <span class='ocrx_word' id='word_1_105' title='bbox 473 3287 518 3358; x_wconf 90' lang='lat' dir='ltr'><strong>in</strong></span> <span class='ocrx_word' id='word_1_106' title='bbox 543 3304 650 3356; x_wconf 83' lang='lat' dir='ltr'><strong>maro</strong></span> <span class='ocrx_word' id='word_1_107' title='bbox 670 3276 845 3356; x_wconf 78' lang='lat' dir='ltr'><strong>emittas:</strong></span> <span class='ocrx_word' id='word_1_108' title='bbox 880 3297 969 3356; x_wconf 88' lang='lat' dir='ltr'><strong>tum</strong></span> <span class='ocrx_word' id='word_1_109' title='bbox 979 3277 1068 3359; x_wconf 73' lang='lat' dir='ltr'><strong>&#39;trra</strong></span> 
     </span>
     <span class='ocr_line' id='line_1_21' title="bbox 52 3413 1070 3517; baseline 0.006 -29"><span class='ocrx_word' id='word_1_110' title='bbox 52 3438 98 3488; x_wconf 81' lang='lat' dir='ltr'><strong>ex</strong></span> <span class='ocrx_word' id='word_1_111' title='bbox 126 3413 268 3490; x_wconf 85' lang='lat' dir='ltr'><strong>ordine</strong></span> <span class='ocrx_word' id='word_1_112' title='bbox 293 3413 417 3503; x_wconf 83' lang='lat' dir='ltr'><strong>finus,</strong></span> <span class='ocrx_word' id='word_1_113' title='bbox 464 3418 677 3517; x_wconf 80' lang='lat' dir='ltr'><strong>Tymniaa,</strong></span> <span class='ocrx_word' id='word_1_114' title='bbox 720 3415 941 3506; x_wconf 81' lang='lat' dir='ltr'><strong>Schoenus,</strong></span> <span class='ocrx_word' id='word_1_115' title='bbox 987 3421 1070 3494; x_wconf 89' lang='lat' dir='ltr'><strong>Bu·</strong></span> 
     </span>
     <span class='ocr_line' id='line_1_22' title="bbox 51 3546 1067 3652; baseline 0.003 -28"><span class='ocrx_word' id='word_1_116' title='bbox 51 3546 204 3640; x_wconf 79' lang='lat' dir='ltr'><strong>baffius3</strong></span> <span class='ocrx_word' id='word_1_117' title='bbox 235 3555 431 3652; x_wconf 86' lang='lat' dir='ltr'><strong>Tymniae</strong></span> <span class='ocrx_word' id='word_1_118' title='bbox 447 3551 769 3651; x_wconf 86' lang='lat' dir='ltr'><strong>promontorium</strong></span> <span class='ocrx_word' id='word_1_119' title='bbox 781 3548 1067 3650; x_wconf 81' lang='lat' dir='ltr'><strong>Aphrodifium</strong></span> 
     </span>
     <span class='ocr_line' id='line_1_23' title="bbox 51 3658 1174 3804; baseline 0 -44"><span class='ocrx_word' id='word_1_120' title='bbox 51 3683 125 3776; x_wconf 84' lang='lat' dir='ltr'><strong>est,</strong></span> <span class='ocrx_word' id='word_1_121' title='bbox 152 3685 356 3763; x_wconf 83' lang='lat' dir='ltr'><strong>Schoenus</strong></span> <span class='ocrx_word' id='word_1_122' title='bbox 376 3688 498 3762; x_wconf 86' lang='lat' dir='ltr'><strong>ambit</strong></span> <span class='ocrx_word' id='word_1_123' title='bbox 519 3687 686 3788; x_wconf 78' lang='lat' dir='ltr'><strong>Hylam,</strong></span> <span class='ocrx_word' id='word_1_124' title='bbox 715 3658 913 3762; x_wconf 76' lang='lat' dir='ltr'><strong>Bubaffius</strong></span> <span class='ocrx_word' id='word_1_125' title='bbox 936 3685 1065 3785; x_wconf 87' lang='lat' dir='ltr'><strong>Cyon.</strong></span> <span class='ocrx_word' id='word_1_126' title='bbox 1169 3780 1174 3804; x_wconf 86' lang='lat'><em>.</em></span> 
     </span>
     <span class='ocr_line' id='line_1_24' title="bbox 49 3817 1066 3926; baseline -0.004 -28"><span class='ocrx_word' id='word_1_127' title='bbox 49 3825 156 3898; x_wconf 89' lang='lat' dir='ltr'><strong>Tum</strong></span> <span class='ocrx_word' id='word_1_128' title='bbox 173 3821 327 3898; x_wconf 88' lang='lat' dir='ltr'><strong>Cnidus</strong></span> <span class='ocrx_word' id='word_1_129' title='bbox 345 3823 388 3896; x_wconf 90' lang='lat' dir='ltr'><strong>in</strong></span> <span class='ocrx_word' id='word_1_130' title='bbox 405 3847 531 3898; x_wconf 91' lang='lat' dir='ltr'><strong>cornu</strong></span> <span class='ocrx_word' id='word_1_131' title='bbox 549 3845 672 3922; x_wconf 84' lang='lat' dir='ltr'><strong>paene</strong></span> <span class='ocrx_word' id='word_1_132' title='bbox 692 3817 855 3926; x_wconf 86' lang='lat' dir='ltr'><strong>insulae,</strong></span> <span class='ocrx_word' id='word_1_133' title='bbox 881 3819 1066 3918; x_wconf 74' lang='lat' dir='ltr'><strong>interque</strong></span> 
     </span>
     <span class='ocr_line' id='line_1_25' title="bbox 48 3949 1065 4053; baseline -0.005 -21"><span class='ocrx_word' id='word_1_134' title='bbox 48 3981 135 4033; x_wconf 84' lang='lat' dir='ltr'><strong>earn</strong></span> <span class='ocrx_word' id='word_1_135' title='bbox 151 3971 192 4030; x_wconf 82' lang='lat' dir='ltr'><strong>ot</strong></span> <span class='ocrx_word' id='word_1_136' title='bbox 207 3958 454 4034; x_wconf 77' lang='lat' dir='ltr'><strong>ceramicum</strong></span> <span class='ocrx_word' id='word_1_137' title='bbox 469 3953 598 4032; x_wconf 83' lang='lat' dir='ltr'><strong>finum</strong></span> <span class='ocrx_word' id='word_1_138' title='bbox 617 3957 661 4030; x_wconf 90' lang='lat' dir='ltr'><strong>in</strong></span> <span class='ocrx_word' id='word_1_139' title='bbox 679 3949 824 4030; x_wconf 83' lang='lat' dir='ltr'><strong>receffu</strong></span> <span class='ocrx_word' id='word_1_140' title='bbox 844 3949 966 4053; x_wconf 77' lang='lat' dir='ltr'><strong>posita</strong></span> <span class='ocrx_word' id='word_1_141' title='bbox 983 3955 1065 4027; x_wconf 91' lang='lat' dir='ltr'><strong>Eu·</strong></span> 
     </span>
     <span class='ocr_line' id='line_1_26' title="bbox 45 4069 1157 4196; baseline -0.009 -26"><span class='ocrx_word' id='word_1_142' title='bbox 45 4093 197 4170; x_wconf 79' lang='lat' dir='ltr'><strong>thanne.</strong></span> <span class='ocrx_word' id='word_1_143' title='bbox 253 4089 532 4171; x_wconf 81' lang='lat' dir='ltr'><strong>Halicarnaffos</strong></span> <span class='ocrx_word' id='word_1_144' title='bbox 550 4093 795 4196; x_wconf 84' lang='lat' dir='ltr'><strong>Argivorum</strong></span> <span class='ocrx_word' id='word_1_145' title='bbox 819 4087 976 4166; x_wconf 84' lang='lat' dir='ltr'><strong>colonia</strong></span> <span class='ocrx_word' id='word_1_146' title='bbox 996 4081 1064 4177; x_wconf 77' lang='lat' dir='ltr'><strong>et,</strong></span> <span class='ocrx_word' id='word_1_147' title='bbox 1155 4069 1157 4074; x_wconf 55' lang='grc'><em>’</em></span> 
     </span>
    </p>
   </div>
   <div class='ocr_carea' id='block_1_6' title="bbox 0 0 1412 4920">
    <p class='ocr_par' dir='ltr' id='par_1_6' title="bbox 0 0 1412 4920">
     <span class='ocr_line' id='line_1_27' title="bbox 0 0 1412 4920; baseline 0 3"><span class='ocrx_word' id='word_1_148' title='bbox 0 0 1412 4920; x_wconf 95' lang='lat' dir='ltr'><strong> </strong></span> 
     </span>
    </p>
   </div>
  </div>
 </body>
</html>
