2856 4926
312 437 446 489 xnvm
575 421 639 478 DE
679 419 953 480 ΡΟΜΡΟΝΙΟ
995 421 1129 482 MELA

313 589 360 664 de
383 587 646 662 Philaenorum
675 584 850 662 vivorum
875 585 1078 685 sepultura,
1114 595 1225 658 minam
1245 607 1278 659 ee
1296 616 1355 658 me·

313 720 415 784 moria
431 710 641 809 digniffinmm
654 706 812 808 facinus.
838 733 912 806 quo
927 727 963 781 et
982 707 1110 782 referri
1127 707 1273 805 pellunt
1294 709 1358 782 ad*

312 829 526 930 politiones,
549 830 676 904 eadem
692 828 769 902 fere
788 831 833 902 de
853 829 952 903 caula
974 828 1143 920 insertae,
1169 849 1212 902 ut
1230 837 1356 921 impedi·

314 973 383 1028 cum
404 981 505 1044 opusa
536 958 669 1022 altanum
684 979 784 1043 optus
815 957 960 1032 Phidiae,
985 955 1172 1052 Artemfioe
1189 979 1280 1042 opus.

1365 908 1374 946 l

390 1201 485 1269 Cum
514 1195 627 1274 etiam
653 1193 756 1291 laepe
787 1193 1050 1290 adpellationea
1076 1211 1262 1285 externae,
1295 1197 1358 1269 vel

312 1324 467 1393 Graecae
491 1315 729 1414 proferendae
755 1301 867 1388 client
889 1315 1086 1388 hominum
1117 1334 1154 1388 et
1177 1319 1359 1406 lucorum,

312 1441 468 1513 illorum
492 1439 671 1538 origines,
708 1436 827 1510 causas
853 1454 890 1510 et
915 1436 1075 1511 rationes
1096 1437 1188 1510 solet
1212 1439 1359 1510 subiun-

312 1586 416 1662 gere,
449 1566 581 1635 Graeca
602 1558 748 1634 Latinis
776 1558 898 1636 verbis
930 1575 1177 1650 commutare,
1212 1578 1276 1632 aut
1300 1585 1359 1633 ex·

312 1686 460 1784 plicare.

389 1934 491 2026 Quae
511 1923 663 2024 quidem
686 1948 731 1998 eo
755 1921 907 1998 consilio
929 1927 1091 1999 conlecta
1113 1921 1281 2014 exhibui,
1317 1943 1361 1998 ut

314 2049 493 2122 continuo
519 2049 713 2118 oculorum
737 2047 870 2119 obtutu
891 2047 1009 2121 oratio
1033 2049 1155 2120 Melae
1186 2047 1362 2144 perspice·

314 2188 433 2262 retur,
459 2187 497 2244 et
515 2167 591 2274 ipsa
612 2167 691 2242 eiua
713 2168 909 2268 explicatio
929 2167 1047 2274 magia
1067 2168 1311 2264 expediretur.

695 2519 723 2588 C
744 2519 777 2589 A
797 2521 837 2588 P.
888 2519 981 2590 vn.

314 2711 371 2760 DE
397 2709 606 2760 commus
631 2707 756 2771 numa
789 2709 918 2774 LlBllI,
954 2707 1024 2778 Qut
1051 2709 1099 2758 IN
1124 2707 1363 2759 mentorem·

315 2833 374 2884 018
400 2831 572 2883 suvant
600 2831 845 2894 noemma,
875 2830 954 2878 vet.
979 2831 1147 2880 OMNlNO
1173 2831 1222 2878 AB
1247 2831 1363 2881 vlnls

555 2953 699 3004 Docxls
731 2952 1120 3002 commonitum.

662 3127 1013 3229 Parisienfes.

388 3279 635 3356 Recenlentur
656 3281 698 3354 hi
717 3279 758 3354 in
781 3283 946 3380 catalogo
971 3281 1077 3355 codd.
1099 3286 1204 3354 MSS.
1225 3283 1368 3358 biblio·

314 3405 439 3476 thecae
462 3402 582 3500 regiae
606 3409 646 3476 P.
669 3425 704 3493 5.
731 3411 839 3477 Tom.
860 3422 896 3496 4.
923 3401 1030 3477 Paris.
1056 3421 1164 3496 1744.
1188 3403 1216 3478 f.
1268 3412 1370 3482 Sunt

314 3541 440 3597 autem
461 3522 521 3598 hia

389 3753 430 3820 P.
447 3769 482 3818 a.
503 3771 540 3818 n.
552 3711 669 3839 ipssoo.
696 3746 820 3819 Codex
837 3747 1054 3836 chartaceuS,
1078 3772 1153 3846 quo
1169 3749 1371 3824 continen-

314 3885 376 3941 tur
404 3895 437 3942 1.
461 3867 660 3965 Pomponii
675 3869 796 3940 Melae
818 3869 863 3940 de
882 3866 951 3940 fitu
967 3869 1066 3942 orbis
1086 3871 1175 3941 libri
1190 3887 1284 3943 trea:
1323 3873 1373 3946 ad

316 3992 453 4064 calcem
467 3989 657 4062 subiicitur
672 3988 787 4063 index
802 4013 927 4067 terum
938 3989 1203 4086 alphabeticus.
1234 4017 1269 4064 a.
1290 4001 1375 4068 No·

316 4111 419 4185 mina
440 4111 636 4213 regionum
660 4135 748 4186 cum
768 4108 970 4209 provinciis
992 4109 1064 4186 suis
1088 4128 1125 4185 et
1146 4111 1191 4186 de
1208 4113 1374 4192 urbibus
