2816 4920
334 433 387 524 ,σε
623 433 886 498 aonronrr
928 439 1095 498 nanas

342 608 554 711 Argolicus
573 605 745 686 dicitur:
781 610 887 686 inter
907 612 1068 688 Malean
1089 625 1127 686 et
1145 615 1355 702 Taenaron,

341 747 583 825 Laconicus:
629 745 738 820 inter
769 751 978 825 Taenaron
1003 761 1043 822 et
1069 749 1245 836 Acritan,
1280 745 1356 821 Ali·

342 904 484 958 naeus:
528 881 635 954 irater
656 882 811 956 Acritan
835 897 875 958 et
896 882 1088 985 Ichthyn,
1117 877 1353 981 Cyparill'rua.

298 1021 392 1112 9111
412 1015 597 1118 Argolico
619 1013 712 1094 lunt
734 1019 822 1090 noti
846 1041 1000 1106 amnes,
1040 1013 1222 1092 Erasinus
1247 1031 1356 1114 atqua

340 1155 528 1240 Inachus,
558 1165 598 1225 et
620 1166 764 1227 notum
784 1151 981 1252 oppidum
997 1157 1145 1228 Lerne:
1178 1154 1223 1226 in
1244 1155 1355 1226 Laco·

273 1302 277 1310 '
340 1291 436 1366 nico
471 1287 646 1387 Gythius
674 1301 714 1359 et
745 1289 933 1362 Eurotas:
986 1288 1031 1361 in
1062 1285 1148 1387 ipso
1186 1291 1353 1362 Taenaro

340 1395 527 1525 Neptuni
542 1421 768 1523 templum,
804 1435 844 1495 et
865 1417 1024 1520 specus,
1060 1423 1143 1511 illi,
1180 1447 1297 1522 quern
1316 1421 1355 1492 in

339 1561 470 1637 Ponto
505 1553 759 1632 Acherusiam
790 1553 984 1647 diximus,
1029 1553 1130 1632 facie
1160 1572 1200 1631 et
1231 1553 1355 1630 fabula

341 1691 499 1770 fimitis:
534 1693 580 1766 in
600 1686 762 1767 Asinaeo
786 1686 939 1766 flumen
963 1687 1182 1784 Pamisum
1215 1693 1259 1767 in
1283 1693 1354 1788 Cy·

340 1825 493 1932 parillio
516 1825 711 1926 Alpheus3
740 1851 889 1903 nomen
906 1825 1017 1902 dedit
1037 1827 1154 1918 urbs,
1183 1827 1354 1904 inlitora

339 1959 428 2053 lita,
473 1961 571 2036 huic
598 1956 841 2061 Cypariffae,
887 1963 951 2037 illi
986 1957 1123 2038 Asine:
1182 1956 1353 2039 Mellenii

339 2096 528 2197 Pyliique
553 2110 674 2170 terras
699 2095 858 2186 colunt,
902 2093 1045 2198 etipsa
1074 2098 1217 2198 pelago
1244 2095 1352 2196 Pylos

339 2229 501 2307 adiacet
566 2228 758 2329 Cyllene,
793 2231 1052 2331 Enneapolis,
1093 2236 1230 2308 Patrae
1253 2251 1351 2304 oram

334 2365 451 2440 illam
475 2379 632 2452 tenent,
673 2365 719 2440 in
748 2388 869 2462 quam
890 2365 1128 2444 Chelonates
1153 2384 1193 2443 et
1218 2369 1350 2443 Araxos

337 2514 577 2578 excurrunt:
611 2497 679 2575 sed
694 2499 876 2600 Cyllene,
902 2500 1015 2600 qnod
1031 2504 1284 2578 Mercurium
1300 2498 1350 2572 ibi

337 2649 479 2712 natum
511 2635 770 2724 arbitrantur,
805 2629 976 2735 infignis.
1043 2635 1186 2713 Rhion
1217 2631 1350 2714 deinde

308 2799 314 2826 ⁴
336 2770 486 2875 (maris
507 2767 551 2845 id
574 2794 723 2846 nomen
741 2765 823 2870 est)
846 2767 1029 2870 anguste,
1062 2785 1102 2844 et
1116 2772 1232 2848 velut
1247 2769 1350 2855 freto,

336 2905 440 2982 latus
473 2926 565 2980 orae
596 2896 797 3002 sequentis
824 2903 1025 2994 incidens,
1055 2907 1164 2981 inter
1201 2903 1349 2981 Aetolos

335 3057 377 3115 et
398 3037 750 3140 Peloponneliacos
783 3063 912 3139 usque
942 3039 993 3114 ad
1014 3037 1194 3118 isthmon
1214 3042 1349 3117 irrum-

282 3175 408 3275 aopit
455 3177 502 3249 ln
518 3198 567 3250 eo
584 3171 636 3246 ad
650 3169 948 3274 septemtriones
966 3172 1138 3276 spectare
1158 3177 1274 3254 litora
1293 3177 1348 3248 in·

335 3309 501 3410 cipiunt.
561 3309 608 3381 ln
627 3306 691 3384 his
706 3305 762 3382 est
779 3309 945 3409 Aegion,
971 3326 1011 3385 et
1028 3313 1182 3412 Aegira,
1208 3326 1246 3387 et
1260 3311 1347 3385 Olu·

333 3467 421 3531 ros,
446 3457 486 3517 et
506 3443 678 3541 Sicyon:
713 3456 753 3517 at
770 3444 815 3518 in
836 3441 1008 3521 adverfis
1028 3448 1164 3546 Pagae,
1190 3439 1345 3530 creusa,

334 3577 544 3679 Anticyra,
583 3576 796 3667 Oeanthia,
836 3577 999 3668 Cirrha,
1040 3594 1080 3654 et
1119 3585 1256 3659 notior
1280 3577 1345 3652 ali·

332 3726 483 3814 quanto
515 3711 700 3799 nomine,
743 3712 948 3814 Calydon,
987 3728 1027 3788 et
1058 3719 1217 3794 Evenos
1248 3729 1343 3789 extra

313 3843 481 3925 'Rhion
553 3847 601 3920 In
640 3848 858 3922 Acarnania
906 3851 1077 3924 maxirne
1116 3850 1220 3926 clara
1263 3845 1344 3922 lutat

331 3982 530 4086 oppidum
547 3984 709 4068 Leucas,
734 3977 888 4060 flumen
908 3981 1117 4062 Achelous.
1161 3989 1208 4060 In
1231 3984 1340 4083 Epiro
1387 4037 1389 4042 a

328 4119 435 4197 nihil
456 4115 664 4196 Ambracio
686 4113 774 4192 linu
790 4118 970 4196 nobilius
993 4115 1059 4198 est.
1105 4123 1212 4196 Facit
1232 4116 1338 4203 finus,
