2856 4926
342 447 380 497 n
591 425 656 484 nn
698 421 974 484 ronronro
1018 423 1151 484 unce

758 597 905 665 cAP.
956 593 988 666 1.

554 787 619 838 nn
667 786 841 838 menen
892 785 1190 838 nnnnnruus.

354 916 653 1082 &Pomponruc
680 1005 794 1056 mnne
818 999 856 1056 et
878 981 1060 1082 degente,
1087 1001 1124 1056 et
1143 981 1189 1056 ele
1208 983 1342 1081 patria,
1368 1001 1406 1058 et

354 1109 401 1182 de
421 1125 590 1202 tempore
612 1128 687 1200 quo
706 1101 822 1195 vixit,
853 1105 991 1177 multas
1014 1105 1186 1177 excitavit
1205 1105 1407 1178 doctorum

354 1229 526 1304 virorum
548 1223 835 1325 disputationes,
865 1250 952 1317 neo,
978 1250 1064 1300 cum
1083 1223 1213 1301 vetusti
1233 1245 1406 1300 auctores

236 1442 237 1445 Ἴ
356 1350 403 1424 de
428 1373 473 1422 eo
503 1345 601 1418 nihil
628 1345 800 1442 scriptum
823 1346 1059 1442 reliquerint,
1096 1349 1193 1422 ultro
1219 1347 1408 1422 coniectu·

358 1495 434 1562 res,
475 1485 513 1541 et
535 1491 593 1560 en,
628 1491 721 1565 quoe
754 1491 800 1540 ex
832 1464 944 1564 ipfius
982 1467 1081 1541 libro
1113 1469 1269 1544 conlatis
1308 1469 1408 1550 iudi·

358 1592 425 1665 ciis
458 1586 683 1676 efficiuntur,
723 1587 895 1687 progredi
926 1588 1024 1662 licet.
1084 1595 1235 1664 Nomen
1264 1575 1409 1681 Pompo

358 1721 495 1786 nieman
532 1725 681 1810 gentem
719 1707 894 1805 praefert,
935 1735 1029 1807 quae
1067 1735 1153 1782 cum
1187 1715 1281 1784 clara
1315 1730 1355 1784 et
1378 1711 1410 1806 ²)

359 1829 513 1933 equestri
534 1831 725 1930 splendore
742 1850 868 1904 ornam
891 1828 1020 1922 fuerit,
1047 1834 1201 1905 eandem
1217 1851 1254 1906 et
1269 1831 1410 1908 Nostro

358 1955 531 2028 tribuunt
559 1951 795 2050 dignitatem,
827 1951 1038 2048 adoptionis
1064 1955 1210 2053 legibus
1236 1957 1298 2028 vel
1324 1952 1411 2053 ipfi,

359 2077 421 2152 vel
442 2073 645 2148 maioribus
662 2071 860 2162 tributam,
896 2073 948 2144 ita
971 2092 1015 2146 ut
1041 2099 1088 2148 ex
1112 2075 1306 2174 Hispanico
1331 2076 1413 2148 ori·

359 2198 447 2298 gine
474 2193 521 2267 ed
546 2199 738 2268 Romanae
765 2193 925 2268 civitatis
952 2193 1034 2314 iuro
1059 2195 1247 2269 transierit.
1298 2200 1415 2287 Sunt,

360 2317 427 2417 qui
463 2323 699 2391 Annaeorum
736 2315 840 2413 genti
877 2315 1098 2406 adscribunt,
1131 2333 1168 2388 et
1195 2317 1258 2388 vel
1286 2318 1416 2390 Marci

284 2461 292 2478 ⁸
358 2435 503 2514 Annaei
518 2439 692 2524 Senecae,
716 2435 892 2532 rhetoris,
917 2436 1058 2525 lilium,
1080 2439 1142 2510 vel
1163 2463 1208 2510 ex
1221 2443 1312 2512 Luc.
1331 2447 1416 2513 An·

358 2581 452 2633 nceo
474 2560 625 2644 seneca,
656 2553 875 2654 philosopho
898 2555 1153 2648 celeberrimo,
1181 2575 1356 2656 nepotem
1384 2561 1415 2655 ²)

358 2677 507 2756 faeiem.
569 2677 645 2778 Qui
674 2677 835 2775 priorem
870 2677 1088 2755 sententiam
1120 2683 1417 2777 amplectuntur,

360 2800 587 2876 adminiculo
619 2817 803 2896 quaerunt
834 2825 880 2872 ex
907 2799 1012 2874 libris
1043 2803 1100 2874 M.
1123 2808 1219 2874 Anu.
1241 2809 1416 2898 Senecae,

359 2922 532 3011 rhetoric,
566 2919 693 2993 decem
726 2919 1056 2994 controverliorum
1087 2921 1193 2996 libris
1220 2925 1417 3019 celebrati,

359 3043 499 3141 quippe
519 3040 585 3138 qui
606 3039 756 3138 reliquit
781 3059 857 3115 tres
878 3039 996 3131 filios,
1031 3050 1084 3114 M.
1106 3055 1270 3116 Annaeum
1290 3055 1417 3120 Nonn-

359 3182 447 3242 cum‚
474 3169 516 3234 L
534 3171 697 3232 Annaeum
722 3171 888 3242 senecen,
919 3164 1147 3260 praeclarum
1166 3165 1279 3240 illum
1299 3171 1418 3243 Sene-

360 3307 460 3374 cam,
486 3300 523 3354 et
546 3287 589 3353 L.
606 3291 772 3356 Annaeum
795 3289 933 3371 Mezen,
968 3268 1130 3382 quorum
1150 3287 1262 3361 etiam
1282 3293 1419 3364 nomi-

359 3405 475 3479 nibus
497 3402 637 3477 librum
656 3427 688 3476 1.
710 3421 748 3477 et
771 3422 806 3490 5.
831 3405 1159 3483 coutroverliarum
1189 3409 1419 3506 inscriptum

408 3633 440 3705 ι)
462 3629 586 3688 Codices
608 3646 637 3688 et
655 3647 768 3690 vererer
797 3631 858 3687 edi·
951 3636 985 3702 ε)
1006 3633 1043 3694 V.
1061 3633 1148 3691 Corn.
1164 3635 1266 3712 Nepos
1287 3636 1320 3690 in
1342 3638 1417 3696 vita

361 3716 458 3773 rioms
499 3715 630 3770 scribunt
681 3715 857 3792 plerumque
906 3718 1000 3775 Attici
1013 3735 1073 3794 cap.
1093 3739 1118 3774 ι.
1137 3721 1295 3779 etPatinur
1310 3720 1348 3776 de
1364 3722 1417 3778 fa·

360 3800 533 3872 Pomponius
548 3799 653 3857 Melle
693 3799 808 3855 Plinius
822 3801 856 3856 in
905 3801 999 3858 mffln
1016 3805 1102 3860 Rom.
1122 3823 1152 3879 p.
1166 3815 1236 3870 225.

359 3883 459 3938 indice
487 3899 640 3938 auctorum
666 3883 739 3940 libri
774 3885 857 3939 tertii

357 3967 479 4023 iurerfir
498 3967 670 4024 nominibus
685 3983 773 4024 vocet
788 3969 855 4023 Me·
947 3971 981 4039 3)
1003 3969 1048 4026 ef.
1063 3971 1162 4044 linger
1176 3989 1205 4045 p.
1224 3979 1283 4040 434
1297 3973 1336 4047 sq,
1346 3993 1371 4029 e.
1384 3973 1411 4034 1.

358 4051 417 4106 lum
432 4051 624 4126 Pomponium,
640 4071 712 4127 quae
728 4052 804 4108 ratio
819 4053 854 4112 in
902 4053 991 4109 Dietz
1006 4054 1038 4108 in
1060 4055 1177 4129 praelat.
1201 4055 1236 4108 ad
1258 4056 1412 4132 interpre-

358 4133 425 4195 elii·
443 4136 529 4192 etiem
544 4135 626 4214 [cepe
640 4152 768 4200 notatur.
904 4137 1045 4200 urionem
1053 4139 1187 4197 German.
1202 4137 1298 4196 Melae
1308 4161 1339 4220 p.
1354 4153 1410 4216 ιε.
