2856 4926
490 449 587 508 cnr.
631 455 732 515 Vm.
1050 491 1131 542 cxv
1216 481 1220 488 '

343 631 378 698 3.
429 617 651 692 Venetiia
687 597 795 716 1475.
830 647 867 722 4.

155 771 277 856 Pomp.
297 776 406 841 Meloe
430 775 683 876 Cosmogrophio
704 811 775 854 cnm
804 815 968 868 comment.
993 805 1121 878 Cocchi.

73 887 128 956 Ita
150 909 234 959 eam
256 891 435 988 produxit
448 899 672 977 Moittairiua
691 911 734 979 T.
748 921 785 998 4.
799 933 836 1006 p.
854 933 937 1002 331.
952 943 981 990 c
1003 922 1029 993 l.
1056 927 1123 1000 ubi

71 1005 112 1077 in
136 1025 226 1079 nota
251 1011 406 1109 legitur:
448 1016 620 1094 biblioth.
644 1027 775 1102 Norib.
796 1034 960 1108 Sauberti
981 1067 1016 1137 p.
1035 1069 1117 1136 123.

70 1125 143 1220 ipsa
162 1130 279 1206 editio
295 1136 335 1220 in
350 1137 395 1208 iis
409 1139 571 1234 ponitur,
590 1170 678 1240 quaa
695 1149 886 1250 pleraeque
902 1183 1027 1238 onrnee
1045 1165 1120 1258 (fic)

68 1248 293 1326 bibliotheca
312 1257 506 1358 Noriberg.
528 1260 595 1334 fibi
611 1269 789 1342 vendicet.
832 1279 998 1355 Eandem
1018 1311 1119 1363 com·

66 1392 280 1446 memorant
325 1382 570 1476 Beughemius
610 1386 650 1460 in
690 1391 923 1473 incunabulis
969 1423 1115 1508 typogr.

63 1515 99 1587 p.
119 1517 207 1568 111.
231 1524 303 1566 enm
330 1523 503 1573 commento
538 1511 672 1590 Cocchi,
708 1515 861 1588 orlandi
890 1519 930 1592 in
963 1529 1115 1628 Origine

63 1613 160 1687 della
171 1621 319 1715 Stampa
336 1647 371 1719 p.
383 1643 467 1716 390.
484 1653 555 1696 cum
570 1653 735 1704 comment.
756 1643 895 1712 cece-tit.
932 1644 985 1716 Cf.
1001 1653 1114 1730 etiam

60 1735 235 1810 Deniiins
250 1741 291 1812 in
306 1741 560 1838 supplemento
583 1792 636 1807 -
657 1755 853 1830 Maittairii
869 1767 909 1833 Τ.
923 1789 957 1836 o.
972 1793 1008 1862 p.
1026 1779 1111 1862 776.

60 1857 125 1951 qui
141 1858 247 1928 addit
264 1891 322 1947 per
338 1871 414 1935 Nic.
437 1867 553 1966 Ienfim
576 1880 609 1940 in
623 1871 662 1970 f.
713 1883 851 1954 Omnes
873 1901 998 1961 temen
1020 1893 1111 1968 refe·

1 2047 2 2062 ,
57 1997 149 2048 runt
172 1979 221 2048 ad
243 2005 383 2055 annum
404 2004 594 2073 notatum,
631 2021 741 2090 quare
763 2021 857 2075 errat
877 2009 1108 2092 Labbcuain
1223 2088 1230 2098 .

1 2109 2 2156 ἑ
56 2099 150 2170 bibl.
166 2126 264 2174 nova
282 2107 400 2178 Msst.
415 2131 449 2204 p.
468 2131 553 2200 357.
581 2115 645 2210 qui
662 2120 876 2213 proximum
892 2152 1032 2206 annum
1046 2137 1108 2210 ad·

1 2237 2 2242 ’
54 2225 176 2320 ponit.
230 2226 343 2323 Quod
372 2227 411 2299 in
446 2233 579 2304 Cocchi
604 2239 757 2312 nomine
780 2250 951 2342 paullum
975 2255 1106 2331 diacre-

52 2363 144 2442 pant
166 2345 239 2416 viri
261 2347 378 2436 docti,
400 2349 627 2451 ’intelligitur
643 2385 688 2430 ex
709 2363 813 2436 litera
834 2367 937 2442 finali
957 2385 983 2453 ι’,
1011 2403 1103 2474 qnae

52 2467 206 2562 antiqua
228 2487 264 2539 et
286 2471 458 2564 lapidaria
480 2475 599 2548 formo
618 2479 706 2552 solet
725 2483 849 2582 pingi,
876 2510 912 2562 et
931 2495 1069 2594 duplex
1089 2513 1103 2572 ι·

50 2589 184 2660 reddit.
221 2589 402 2684 Equidem
418 2594 462 2665 de
478 2597 544 2668 hac
559 2600 733 2690 editione,
756 2631 867 2700 quam
883 2635 950 2685 nec
964 2619 1098 2712 videre,

1 2753 2 2762 .
48 2735 117 2781 nec
155 2710 345 2804 exquirere
382 2717 509 2809 potui,
548 2719 709 2794 iudicare
740 2749 895 2822 nequeo.
960 2741 1099 2816 Panzer

49 2851 147 2904 certe
167 2831 209 2902 in
230 2834 389 2905 annalib.
408 2853 552 2936 typogr.
571 2847 611 2913 T.
633 2863 666 2930 5.
689 2869 723 2938 Ρ.
741 2867 800 2939 95.
822 2871 867 2920 ex
889 2855 1096 2934 Maittairio

48 2970 83 3024 et
108 2953 289 3024 Senberto
321 2979 603 3052 commemorat,
643 2962 703 3035 sed
735 2991 819 3040 cum
852 2969 1093 3056 dubitatione.

1 3163 2 3184 Χ
47 3075 235 3146 Cocchum
257 3073 356 3146 idem
376 3078 495 3149 censet
515 3080 580 3152 effe
600 3071 819 3179 Cochleum,
854 3093 959 3168 cuius
980 3101 1093 3176 editio

1 3237 2 3268 i
44 3195 185 3290 prodiit
213 3215 319 3281 1512.
367 3206 418 3269 At
451 3217 532 3274 tum
563 3203 794 3283 scribendum
826 3231 903 3287 erat
929 3221 1090 3296 Cocleua.

44 3319 127 3389 vid.
147 3317 194 3388 ad
215 3341 354 3390 annum
379 3339 487 3406 1512.

334 3612 369 3686 4.
431 3599 648 3673 Venetiis
687 3553 795 3694 1476.

113 3767 171 3834 Ita
191 3757 401 3858 iimpliciter
415 3791 482 3839 nec
504 3767 626 3840 addita
640 3769 758 3846 forma
775 3775 868 3846 hanc
884 3777 1086 3858 editionem

39 3902 222 3956 memorat
247 3887 440 3959 Oriandini
467 3913 547 3987 pag.
565 3913 622 3976 23.
642 3917 671 3964 c.
693 3897 719 3966 1.
746 3898 948 3971 eorundem
975 3929 1084 3998 opera

40 4023 219 4094 curatam,
246 4007 310 4100 qui
332 4004 501 4107 deinceps
521 4016 774 4088 nominantur.

82 4238 127 4295 De
145 4239 248 4314 Pomp.
263 4240 357 4300 Meta.
752 4217 774 4318 d
