2856 4926
484 413 582 472 clv.
617 413 723 478 vm.
1015 427 1124 478 ux!

326 601 384 670 15.
448 578 670 654 Venetiia
700 594 808 674 1499.
842 589 880 670 4.

156 749 310 825 Variant
334 769 499 826 auctores
525 751 566 824 in
587 751 701 825 huius
723 747 898 824 editionie
925 751 1127 826 mentione.

90 869 225 946 Ernesti
235 899 266 946 c.
282 876 308 946 t
335 872 476 948 Parisiis
490 871 624 946 factam
635 872 768 981 scribit.
794 872 948 946 Orlondi
961 873 1003 948 in
1018 875 1129 974 origi·

91 1019 133 1065 ne
147 995 242 1068 delle
257 992 392 1092 stampe
406 1021 441 1091 p.
455 1019 538 1090 39⁰·
563 995 790 1070 Bernardum
807 1000 992 1068 Venatum
1006 1015 1130 1070 aucto·

91 1143 161 1188 rem
177 1136 370 1191 memorat
397 1117 622 1190 Maitmiriua
636 1123 678 1190 T.
690 1137 726 1210 4.
743 1143 778 1214 p.
794 1139 879 1212 709.
895 1123 924 1190 ὃ.
942 1119 968 1190 l.
985 1115 1032 1190 lio
1046 1143 1131 1218 pro·

93 1235 204 1312 ducit:
228 1249 268 1311 P.
285 1247 379 1311 Melo
391 1281 443 1296 -
455 1268 512 1328 per
526 1247 724 1310 Bernardum
742 1245 778 1311 V
776 1259 897 1310 metum
914 1245 953 1310 de
964 1245 1001 1314 V
997 1245 1130 1312 tealdus

92 1365 207 1431 xx111
222 1361 340 1458 April.
366 1367 493 1434 venet.
513 1380 621 1456 1499.
643 1384 679 1454 4.
731 1361 926 1458 Equidem,
949 1385 1034 1435 oum
1051 1361 1131 1460 ipso

92 1480 152 1552 usu
171 1507 253 1555 eam
267 1481 479 1581 cognoscere
495 1507 571 1556 non
586 1482 744 1572 licuerit,
763 1483 934 1555 dirimere
949 1507 1030 1556 eam
1045 1507 1132 1556 oon·

93 1601 297 1677 troversiam
318 1621 354 1676 et
374 1629 504 1676 verum
521 1605 679 1677 adserere
695 1611 858 1700 nequeo.'
901 1603 939 1676 Si
959 1621 1054 1677 recte
1070 1603 1133 1676 ad·

91 1721 249 1796 firmavit
271 1727 422 1800 Coeleua
451 1725 492 1799 in
523 1724 818 1811 «1111111511.
846 1747 932 1796 cum
952 1748 1026 1797 una
1054 1741 1135 1815 tan·

93 1862 166 1916 tum
182 1864 269 1918 ante
283 1847 383 1920 hunc
402 1871 544 1919 annum
559 1845 673 1919 editio
690 1847 813 1922 Melae
832 1845 873 1918 in
889 1843 1006 1918 Gallie
1026 1844 1134 1941 adpe-

94 1983 163 2037 rota
182 1963 316 2057 suerit,
350 1977 428 2060 (an.
449 1991 557 2058 ¹5⁰7·
575 1975 633 2061 4.)
673 1967 821 2040 Venetia
848 1967 914 2040 illa
939 1965 1133 2042 tribuendo

17 2121 18 2162 ι
96 2084 155 2175 eft,
187 2107 225 2160 et
247 2087 334 2162 falsa
355 2090 508 2164 tradidit
525 2083 676 2164 Ernesti.
728 2087 935 2186 Suspectam
953 2103 991 2162 et
1008 2085 1133 2164 fictam

95 2209 197 2282 habet
210 2216 351 2285 Pariter
363 2217 407 2285 T.
423 2235 457 2301 3.
474 2237 509 2310 p.
525 2215 611 2304 463.
629 2234 660 2282 c.
678 2211 704 2284 l.

404 2501 463 2578 14.
523 2489 558 2561 S.
585 2488 612 2560 1.
642 2506 751 2574 1501.
783 2499 820 2578 4.

18 2645 19 2730 l
162 2659 265 2728 Haeo
289 2653 421 2743 editio,
459 2655 661 2752 quamdiu
694 2653 996 2744 desideraveram,
1028 2654 1138 2731 inno·

18 2755 19 2804 1
96 2791 208 2848 tuerat
248 2777 412 2872 primum
455 2801 501 2848 ex
537 2777 800 2876 descriptione,
842 2797 953 2872 quam
989 2777 1139 2851 exhibet

98 2901 271 2972 Hominel
292 2900 332 2971 in
354 2899 453 2972 libro
470 2905 574 2972 Neue
593 2899 801 2973 Bibliotheo
822 2931 873 2948 -
899 2921 974 2968 von
998 2895 1139 2974 seltnen

98 3023 259 3094 ltflohern
277 3027 316 3092 Ρ.
336 3044 368 3092 1.
385 3027 432 3094 N.
445 3039 477 3106 3.
492 3019 644 3118 pspasq.
671 3019 735 3117 qui
751 3041 869 3091 raram
883 3015 973 3090 dicit
993 3043 1141 3117 perum·

99 3165 164 3236 que
185 3159 329 3216 notam.
380 3143 550 3214 Titulum
573 3141 731 3239 praefert
753 3143 868 3213 huno:
908 3149 1024 3230 Pomp.
1046 3147 1141 3213 Mela

103 3261 354 3361 cosmographis
377 3269 416 3332 de
434 3267 508 3364 fito
535 3267 632 3333 Orbis
656 3269 822 3334 Hermolat'
842 3265 983 3332 Barbari
1000 3265 1142 3362 fideliter

102 3390 291 3456 emendatus.
342 3385 471 3458 Charta
495 3383 661 3474 candida,
687 3382 878 3456 literarum
898 3381 1039 3456 formae
1055 3407 1143 3460 oon·

20 3523 21 3594 g
103 3501 236 3598 spicuee
257 3523 294 3577 et
309 3505 457 3578 nitidae.
502 3511 547 3578 ln
568 3503 693 3577 fronte
707 3503 772 3576 sub
794 3503 906 3577 titolo
924 3503 1079 3602 expresse
1093 3501 1144 3580 eli

104 3622 232 3722 figura,
259 3625 319 3698 oui
339 3625 531 3724 instriptae
552 3623 635 3699 sunt
657 3625 784 3698 literae
805 3633 833 3698 1.
850 3633 890 3700 ll.
907 3630 941 3699 S.
975 3627 1145 3724 quaein·

107 3746 222 3821 dioent
251 3771 389 3820 nomen
423 3747 661 3846 typographi,
707 3745 772 3844 qni
803 3745 878 3819 fuit
907 3752 959 3821 lo.
986 3743 1144 3844 Baptista

106 3868 207 3960 Sella,
241 3887 285 3941 ut
305 3868 380 3967 ipse
400 3865 595 3965 profitetur
617 3868 737 3964 plenia
759 3868 882 3958 yerbia
898 3867 944 3940 ed
965 3869 1053 3942 libri
1074 3871 1147 3942 oal-

108 4013 198 4081 oem,
223 3989 289 4064 ubi
304 3991 417 4062 etiam
433 3985 483 4062 est
504 3990 625 4064 brevio
645 3988 833 4064 adlocutio
848 3989 893 4064 ad
909 3993 1083 4066 lectorem
1097 3989 1147 4065 de

107 4112 219 4187 reviso
239 4131 275 4186 et
295 4111 493 4212 diligenter
515 4109 708 4186 emendato
723 4111 837 4186 Mela.
889 4109 1026 4186 Textui
1045 4135 1147 4210 prae·
