2868 4930
498 399 596 458 (MP.
634 400 667 463 'V
674 401 742 460 111.
1072 419 1141 469 xm

95 587 184 639 nem
206 560 400 661 producit,
430 579 530 638 etex
547 565 612 638 illa
632 564 807 638 lectiones
829 561 965 656 adfert,
989 589 1083 664 quae
1101 569 1144 644 in

95 688 167 760 ban
181 686 256 758 sola
270 683 513 782 reperiuntur.
546 686 608 760 Sia
623 710 657 777 r,
673 709 707 776 3,
725 709 758 760 1.
774 687 931 760 Camerti
944 687 1007 761 dat
1020 689 1146 790 Bospa-

98 835 187 886 rum,
220 805 323 902 quod
342 805 451 879 babet
471 807 561 879 baec
587 806 720 898 editio,
759 831 846 880 oum
871 807 913 880 in
940 811 1146 888 cameram

98 951 159 998 an.
180 947 289 1012 ¹5¹2·
308 923 421 1000 exstet
435 935 613 998 Ponticum.
646 933 696 1002 Et
708 925 757 1002 fio
772 927 843 1000 alia
863 929 968 1024 plura
985 954 1031 1002 ex
1044 932 1145 1008 notia

98 1045 269 1146 cognosci
282 1045 437 1143 polluat.
470 1049 652 1145 Equidem
668 1049 758 1123 duaa
772 1049 796 1122 s.
810 1051 837 1122 l.
851 1069 888 1122 et
903 1073 933 1124 a.
951 1051 1145 1136 editiones.

27 1219 32 1228 ·
100 1193 197 1264 quae
210 1169 257 1240 ad
270 1174 473 1244 Camertem
488 1187 583 1243 reate
596 1169 809 1261 referantur,
824 1170 970 1270 ignoro.
1001 1171 1147 1274 Inligna

102 1290 332 1386 bibliopolae
354 1288 396 1362 iu
418 1289 492 1363 fine
514 1289 731 1387 exprellum,
770 1317 818 1364 ex
836 1315 912 1388 quo
938 1295 1148 1374 coniectura

101 1411 151 1484 de
169 1413 256 1484 loco
275 1429 368 1484 oerta
390 1409 469 1483 fieri
491 1408 618 1506 poffit,
647 1412 745 1512 apud
761 1411 1080 1490 llotbscholtzium
1101 1419 1149 1494 de

102 1530 311 1630 inlignibua
342 1531 631 1627 bibliopolarum
654 1529 782 1606 fniftra
808 1531 977 1630 quaelivi.
1013 1543 1151 1614 mem·

101 1653 214 1749 plum
234 1653 345 1726 huiua
362 1651 536 1726 editionis
550 1677 628 1725 non
641 1651 844 1727 admodum
863 1653 996 1729 obviae
1013 1657 1152 1732 indiar-

1 1772 2 1778 ’
104 1793 188 1864 tur,
214 1775 256 1846 ni
270 1773 399 1864 fallor,
423 1773 464 1846 in
480 1773 601 1846 indice
624 1773 781 1846 secundo
796 1771 979 1850 librorum
994 1801 1040 1850 ex
1058 1778 1150 1856 bibl.

104 1893 333 1970 Berolinenli
353 1895 466 1994 Regia
486 1895 675 1968 venalium
696 1919 754 1970 an.
778 1917 887 1990 1797.
906 1921 945 1995 p.
966 1921 1026 1995 29·
1076 1907 1152 1978 Ex·

107 2035 251 2116 oerptaa
264 2015 353 2090 inde
366 2016 542 2090 lectiones
559 2013 721 2112 adposui.

349 2241 409 2308 32.
470 2215 682 2292 basileae
710 2239 817 2308 ¹622·
849 2217 917 2294 fol.

187 2386 229 2448 Ρ.
250 2383 304 2450 Μ.
323 2409 393 2452 eum
415 2387 646 2450 commentariis
667 2387 781 2455 Ioacb.
804 2385 962 2463 radiosa
986 2399 1031 2456 ut
1048 2382 1155 2482 snpra

109 2524 172 2574 an.
186 2519 295 2586 ¹528·
320 2499 601 2587 Praefationem
617 2523 707 2596 quae
720 2501 885 2597 primum
898 2504 1027 2576 locum
1042 2523 1156 2596 tenet,

110 2621 260 2694 addidit
274 2623 482 2709 Grabeliua,
506 2621 547 2693 in
563 2643 632 2716 qua
650 2621 770 2717 plania
784 2623 956 2698 manibus
971 2625 1012 2698 in
1027 2627 1158 2698 Vadir·

109 2767 212 2816 num
233 2743 361 2818 laudea
379 2737 547 2816 effundit.
597 2739 697 2814 Hinc
715 2740 831 2814 iudex
850 2741 1021 2839 loquitur,
1046 2767 1157 2839 quam

112 2863 256 2964 excipit
264 2865 419 2938 vadiani
434 2858 621 2936 catechefia
635 2861 676 2936 in
693 2861 958 2959 Geographiam
973 2861 1159 2958 praemiss'a

112 2983 362 3086 praefatione,
387 3003 471 3056 tum
486 2979 643 3082 quaestio
657 2981 704 3054 de
717 2983 840 3056 Melae
851 3001 967 3056 aetate
978 3001 1016 3056 et
1028 2987 1157 3082 patria.

112 3103 203 3182 Post
223 3123 368 3178 textum
389 3105 449 3178 bic
476 3105 639 3202 primum
666 3102 856 3176 subiicitur
877 3103 1032 3178 vadiani
1058 3107 1160 3180 loeo·

113 3253 206 3303 rum
223 3227 365 3323 aliquot
377 3249 424 3300 ex
444 3225 516 3298 luia
534 3225 574 3298 in
588 3226 729 3298 Melam
747 3225 1021 3300 commentarlia
1039 3229 1161 3324 expla-

114 3349 242 3433 natio;
265 3354 412 3440 (contra
432 3345 608 3420 Camertia
625 3345 904 3437 dubitatiouea.)
953 3347 1046 3420 Inde
1063 3371 1162 3443 repe·
1308 3373 1311 3380 ·

117 3471 216 3544 titur
239 3465 387 3565 epistola
410 3467 456 3540 ad
475 3467 571 3540 llud.
593 3467 814 3565 Agrioolam.
865 3463 950 3538 Sine
969 3464 1084 3542 dubio
1104 3491 1163 3544 oa·

119 3591 212 3664 dem
233 3592 322 3662 haee
341 3585 390 3662 eft
410 3589 542 3676 aditio,
574 3613 684 3684 quarn
704 3611 790 3660 num
812 3585 954 3686 aliquot
974 3585 1162 3662 codioibua

119 3713 169 3786 ab
194 3710 237 3783 11:
260 3707 383 3782 Voffio
407 3727 652 3804 comparatam
677 3725 715 3784 et
741 3733 761 3780 a
786 3708 823 3780 se
854 3707 1056 3780 adhibitam
1081 3712 1164 3782 Gra·

119 3831 248 3906 madri
263 3847 373 3906 vocat
387 3829 612 3919 Perizonius,
635 3829 720 3928 quia
735 3828 833 3927 apud
845 3827 1086 3903 craundrum
1102 3851 1162 3904 tu.

124 3974 237 4042 1522.
259 3949 411 4048 prodiit.
461 3945 543 4024 Post
560 3947 600 4022 id
618 3950 899 4048 comprobatum
915 3947 995 4020 vidi
1014 3946 1055 4020 in
1071 3964 1165 4022 cata·

118 4077 214 4176 logo
242 4071 332 4150 bibl.
369 4071 537 4169 publiano
569 4067 762 4152 Univerfit.
794 4067 1166 4172 magduno-arurae
