2856 4926
134 347 138 356 ·
262 337 363 384 xxxv
510 303 574 376 'ou
614 316 885 381 roucourt)
926 317 1062 376 uuna

292 573 295 580 ¹
338 486 410 562 Sed
434 482 746 584 progrediendum
767 509 868 560 nuuc
887 479 936 558 est
950 482 1009 558 ad
1030 481 1119 555 libri
1138 481 1309 587 virmtep,

265 633 358 704 quae
391 631 470 680 non
501 607 736 706 compensant
761 605 883 678 solum
906 605 1016 693 vitia,
1047 603 1109 676 sed
1137 623 1175 678 et
1195 607 1313 704 longe

267 729 453 824 superent,
487 729 574 817 alia,
609 753 701 826 quae
722 726 880 824 adspersa
901 725 1150 826 reperiuntur,
1184 723 1311 804 finon

268 851 379 957 plane
402 851 549 944 eluunt,
581 868 619 926 at
641 869 735 926 certe
756 851 890 926 levant.

347 1093 386 1166 Si
399 1091 499 1164 enim
513 1092 631 1190 prima
651 1094 714 1165 lex
731 1087 779 1166 est
793 1117 924 1166 eorum
945 1093 1143 1182 librorum,
1167 1091 1209 1166 iu
1229 1091 1316 1190 qui·

270 1214 340 1288 bue
362 1237 417 1286 res
438 1209 640 1302 historicae,
662 1232 726 1286 eut
746 1215 1004 1313 geographicae
1027 1213 1237 1303 traduntur,
1268 1231 1314 1289 ut

271 1360 355 1410 vera
377 1333 560 1423 adferant,
598 1353 635 1408 et
656 1333 818 1410 fabulosa
847 1334 1005 1430 falsaque
1029 1359 1048 1405 a
1074 1334 1179 1408 certis
1199 1353 1238 1408 et
1255 1335 1315 1407 in·

273 1458 415 1546 dubiis,
438 1457 634 1556 diligenter
648 1474 685 1528 et
704 1474 881 1554 quatenus
895 1456 997 1544 licet,
1023 1445 1202 1552 separent,
1233 1481 1316 1531 uon

272 1581 474 1680 privandus
492 1575 557 1651 effe
576 1577 637 1651 sua
649 1579 758 1654 laude
775 1576 922 1654 videtur
936 1578 1175 1674 Pomponius.
1209 1579 1319 1653 Licet

274 1701 376 1776 enim
409 1701 576 1799 regiones
612 1717 649 1771 et
684 1699 796 1772 maria
836 1699 934 1773 adire
965 1700 1040 1797 ipse
1074 1701 1318 1788 omnian0u

274 1823 455 1918 potuerit,
490 1823 570 1908 vel,
606 1839 648 1892 ut
673 1823 818 1909 Strabo,
852 1821 1010 1917 plurime
1036 1817 1319 1918 perlustraverit,

276 1944 413 2042 quippe
432 1943 536 2014 cuius
554 1941 856 2039 peregrinationis
878 1960 941 2013 aut
960 1944 1064 2014 nulla
1079 1939 1227 2032 exstant,
1250 1961 1320 2017 aut

246 2125 249 2132 .
275 2061 404 2141 saltem
418 2063 553 2135 incerte
572 2065 618 2150 ⁴¹)
631 2059 797 2161 vestigia,
823 2063 991 2138 adhibuit
1013 2082 1136 2138 tamen
1159 2060 1320 2163 gravissi-

276 2209 373 2274 mos,
400 2208 491 2280 quos
515 2201 641 2256 nactus
663 2201 748 2270 erat,
773 2201 946 2272 auctores,
974 2203 1082 2282 atque
1103 2211 1148 2257 ex
1168 2186 1214 2258 iis
1231 2211 1319 2258 con·

277 2303 443 2404 quifivit‚
479 2322 572 2400 qu'ae
601 2301 759 2400 prodesse
792 2303 858 2377 fibi
885 2305 1054 2384 crederet.
1105 2313 1149 2382 In
1181 2308 1319 2405 quibus

276 2424 351 2526 ipse
385 2424 608 2500 nominatim
633 2424 805 2522 producit
831 2427 877 2515 ⁴²)
892 2435 1081 2509 Homerum,
1115 2429 1159 2516 ⁴³)
1181 2437 1321 2500 Hanno·

279 2575 366 2629 mm,
399 2547 447 2638 ⁴⁴)
468 2553 707 2640 Hipparchum,
741 2545 783 2639 ⁴5)
803 2555 981 2624 Cornelium
1004 2558 1162 2638 Nepotem
1169 2579 1190 2660 ,J
1220 2552 1318 2632 aliua

324 2852 379 2928 41)
408 2857 520 2916 Adsunt
543 2857 675 2934 enimin
697 2856 773 2912 hane
822 2858 869 2916 Ex
904 2858 1036 2914 Homero
1075 2850 1213 2924 etiam'e,
1236 2873 1264 2928 3,
1288 2869 1319 2930 4.

278 2939 470 3015 suspicionem
485 2941 620 2996 virorum
642 2961 773 3017 quorun·
824 2961 897 3016 quae
934 2940 991 2996 sola
1028 2946 1115 2998 novit
1145 2944 1253 3018 oppida
1290 2961 1322 3002 et

279 3023 345 3078 dam
389 3027 543 3082 doctorum
580 3025 772 3086 coniecturae,
823 3026 910 3100 pauci
918 3042 1062 3099 praeterea
1079 3043 1321 3092 commemorent,

279 3125 355 3180 quac
370 3126 475 3187 petunt
498 3129 534 3166 ex
555 3107 773 3168 inlustrioribus
826 3111 927 3182 cynon
964 3125 993 3164 et
1027 3111 1170 3174 culturae
1204 3112 1320 3190 petiiffe

278 3187 413 3248 locorum
435 3192 687 3270 descriptionibus,
712 3190 774 3245 vel·
823 3192 950 3250 videtur.

278 3275 326 3328 uti
346 3280 421 3333 antri
449 3279 562 3352 Corycii
568 3315 576 3340 ,
607 3275 774 3336 Garunnae.

281 3357 443 3434 aequem
467 3361 502 3416 cr.
525 3383 551 3425 ι,
576 3375 624 3428 ,5,
646 3373 674 3427 5.
697 3372 773 3426 er.
868 3310 921 3379 ⁴³)
944 3319 1156 3380 ³'⁹'³'⁸‘⁵'

281 3457 311 3506 2,
334 3455 361 3510 5.
405 3449 447 3498 lta
468 3442 773 3504 iudicatBecltmann.
868 3424 921 3492 ⁴4)
944 3436 972 3490 δι
997 3438 1024 3490 7,
1049 3439 1077 3489 7·

281 3525 471 3582 adAristotel.
488 3529 523 3583 de
541 3529 644 3584 mimb.
656 3523 773 3584 auicult.
868 3529 921 3596 45)
944 3541 973 3594 5,
994 3538 1021 3594 5,
1040 3537 1067 3596 8.
1089 3541 1117 3596 5,
1134 3545 1163 3600 9,
1181 3539 1210 3595 3.
1235 3531 1322 3587 Prae·

282 3630 342 3684 cap.
361 3629 454 3690 91-1’·
474 3623 542 3680 187.
560 3613 595 3667 de
612 3609 728 3669 Salsulis
745 3626 773 3673 2,
826 3625 903 3666 terea
927 3612 1123 3669 narrationem
1145 3612 1181 3666 de
1205 3613 1324 3670 Britan·

282 3705 310 3762 5,
329 3709 356 3762 7.
388 3712 421 3750 ut
435 3712 515 3750 antea
534 3695 657 3758 Vossiur,
680 3694 729 3748 hic
748 3712 776 3749 et
826 3694 891 3749 niae
905 3693 1006 3750 indole
1022 3709 1050 3762 3,
1069 3695 1095 3756 6,
1113 3707 1140 3763 5.
1157 3715 1193 3752 ex
1201 3697 1322 3772 Nepote

283 3778 455 3838 omninode
472 3779 573 3836 Gellia.
609 3781 687 3836 Turn
702 3797 774 3834 vero
826 3778 979 3852 repetiiffe,
997 3778 1115 3853 adparet
1129 3800 1165 3834 ex
1176 3781 1324 3836 Iornuude

283 3862 369 3918 etiam
385 3863 465 3921 Idam
485 3863 639 3927 adscendit,
660 3864 775 3930 Araxen
827 3859 863 3916 de
883 3862 943 3916 reb.
963 3863 1027 3918 Get.
1050 3882 1111 3937 cap.
1129 3879 1156 3919 2.
1182 3865 1325 3936 quicum

281 3948 412 4008 tentavit.
827 3944 924 4018 eedem
940 3945 1036 4009 habet,
1057 3945 1161 4002 diserte
1173 3947 1325 4024 Nepotem

326 4031 379 4105 42)
404 4045 508 4109 1,9,9,
533 4045 562 4098 α,
575 4043 605 4100 7,
615 4029 642 4092 6.
666 4041 695 4102 ὅ,
708 4037 775 4104 Μ.
827 4044 974 4087 auctorem
991 4027 1112 4105 retegat
