2816 4920
219 433 281 490 ns
317 433 432 492 stru
455 431 608 492 onata
645 431 737 494 tta.
765 437 791 492 1.
833 437 941 497 cxr.
1054 449 1095 516 ῃ

87 601 201 692 lonia',
236 617 276 678 et
310 602 474 691 Iudaea,
515 616 555 682 et
581 603 858 706 Commagene.
915 609 993 684 Hic
1022 611 1130 692 Pan

87 737 233 814 laelline
264 737 337 828 est,
376 765 454 841 qua
481 739 608 840 tangit
639 739 805 816 Arabas:
848 755 937 816 tum
966 743 1094 822 Phoe·

86 875 163 949 nice
171 899 182 965 ;
222 889 262 949 et
278 875 349 951 ubi
365 871 404 948 se
421 875 585 952 Ciliciae
602 875 834 965 committit,
863 875 1093 973 Antiochia3

87 988 238 1064 olimae
261 989 336 1066 diu
360 1004 520 1090 potens,
554 986 623 1064 sed
649 1013 741 1064 cum
765 1013 852 1066 eam
874 1017 1000 1094 regno
1027 999 1094 1072 Se-

2 1213 9 1228 ,
84 1127 247 1202 miramis
266 1125 419 1213 tenuit,
445 1123 567 1224 longe
582 1121 851 1224 potentiffima.
897 1128 1095 1230 Operibus

86 1275 178 1338 carte
200 1263 288 1336 eius
310 1255 477 1360 infignia
509 1261 637 1335 multa
662 1256 776 1336 l'unt:
818 1259 901 1339 dno
923 1267 1095 1342 maxima

85 1396 293 1486 excellunt3
332 1392 540 1472 constituta
572 1394 668 1470 urbs
698 1396 822 1470 mirae
852 1397 1096 1500 magnitudi-

83 1531 139 1607 nis
173 1531 376 1632 Babylon,
418 1553 462 1602 ac
490 1526 598 1606 liceis
627 1529 728 1606 olim
756 1530 986 1632 regionibus
1014 1539 1096 1611 Eu·

84 1663 230 1764 phrates
253 1679 295 1741 et
311 1665 442 1764 Tigris
466 1661 630 1740 immiffi.
689 1665 878 1741 Ceterum
899 1666 944 1742 in
965 1669 1131 1768 Palae-3

2 1843 3 1886 2
83 1795 173 1874 ilina
207 1797 263 1874 est
292 1801 433 1900 ingens
467 1815 507 1874 et
535 1799 691 1874 munita
726 1797 946 1876 admodum
974 1804 1095 1894 Gaza;

85 1931 155 2033 (iic
181 1932 316 2012 Persae
343 1937 540 2014 aerarium
561 1949 725 2010 vocant:
764 1950 803 2009 et
827 1933 923 2010 inde
945 1963 1097 2014 nomen

85 2065 151 2160 est,
186 2069 319 2170 quod,
355 2095 448 2146 cum
477 2068 689 2172 Cambyses
720 2071 837 2146 armis
867 2075 1097 2172 Aegyptum

85 2218 248 2304 peteret,
283 2204 365 2281 huc
388 2204 485 2279 belli
504 2220 543 2280 et
570 2231 664 2305 opes
686 2220 725 2280 et
749 2207 961 2306 pecuniam
986 2208 1096 2282 intu-

84 2337 209 2438 leran)
240 2339 401 2417 estnon
424 2339 559 2416 minor
580 2338 745 2418 Ascalon
752 2367 764 2432 ;
800 2338 855 2415 est
870 2345 979 2442 Iope,
1006 2357 1097 2418 ante

85 2470 284 2552 diluvium
313 2479 384 2572 (ut
411 2471 572 2575 ferunt)
601 2473 779 2565 condita3
830 2475 904 2553 ubi
937 2477 1099 2578 Cephea

86 2606 251 2710 regnalle
273 2635 322 2687 eo
337 2609 447 2712 ligno
464 2611 616 2687 accolae
636 2607 846 2701 affirmant,
871 2610 984 2712 qnod
1001 2615 1099 2690 titu-

83 2741 165 2820 lum
199 2747 308 2837 eius,
346 2744 558 2846 fratrisque
584 2743 749 2834 Phinei,
791 2759 943 2820 veteres
979 2768 1100 2843 quae·

86 2875 171 2954 dam
207 2904 296 2956 arae
333 2907 427 2958 cum
460 2881 656 2980 religione
694 2879 868 2980 plurima
902 2881 1097 2958 retinent:

86 3017 181 3114 quin
210 3017 330 3092 etiam
357 3017 417 3090 rei
454 3015 667 3090 celebratae
698 3013 938 3091 carminibus
965 3040 1010 3090 ac
1041 3012 1131 3122 fag

85 3146 207 3240 bulis,
246 3147 415 3228 servatae
442 3175 464 3225 a
488 3148 626 3227 Perseo
651 3147 928 3228 Andromedae
950 3150 1102 3230 clarum

86 3285 295 3389 vestigium
347 3287 523 3364 marinae
573 3286 729 3362 belluae
786 3281 862 3362 olla
913 3286 1103 3364 irnmania

88 3418 288 3504 ostentant
