2816 4920
349 395 394 468 04
629 385 888 448 ronronn
926 387 1095 449 nnsis

316 557 485 661 7spicuo
512 555 615 636 sunt.
673 561 709 636 A
739 563 962 638 Garumnae
991 563 1101 638 exitu
1126 561 1231 638 lctus
1265 559 1357 640 ittut

348 695 494 795 incipit
516 709 653 784 terroe,
677 697 947 795 procurrentis
973 698 1017 772 in
1035 699 1212 798 pelagus,
1240 713 1278 772 et
1299 722 1359 774 ort

350 829 592 908 Cantabricis
631 828 794 906 adverso
831 831 1034 921 litoribus,
1079 835 1167 910 aliis
1210 831 1359 933 populis

348 962 482 1042 medic
503 964 589 1042 eius
609 964 897 1056 habit-antibus,
932 967 981 1042 ob
999 969 1184 1046 Santonis
1206 965 1363 1044 atone

348 1101 453 1178 mios
476 1123 603 1198 usque
625 1097 785 1177 deflexa.
846 1102 905 1178 Ab
923 1103 1004 1180 illis
1024 1105 1132 1180 euim
1153 1105 1299 1180 iterum
1316 1100 1360 1178 at

347 1231 646 1336 septemtriones
679 1233 792 1316 frons
825 1239 993 1314 litorum
1028 1235 1209 1340 respicit,
1251 1238 1360 1338 perti·

347 1385 497 1472 netque
516 1368 567 1446 nt
588 1370 753 1450 ultimos
775 1373 1015 1450 Gallicarum
1036 1375 1220 1474 gentium
1243 1373 1359 1450 Mori·

347 1531 442 1595 nos,
481 1531 556 1582 nec
584 1523 729 1607 portu,
766 1533 888 1607 quem
926 1504 1180 1586 Gesoriacum
1217 1521 1359 1596 vocant,

312 1639 573 1742 aquidqucm
606 1641 741 1718 notius
768 1641 897 1718 habet
955 1642 1142 1732 Rhenus,
1179 1644 1229 1719 ab
1262 1643 1360 1744 Alpi·

347 1776 425 1854 bus
445 1775 645 1866 decidens,
667 1799 794 1877 prope
809 1802 830 1851 a
847 1777 973 1878 cupite
991 1776 1095 1854 duos
1118 1777 1229 1856 lucus
1244 1753 1356 1866 efficit,

347 1915 545 1988 venetum
566 1929 606 1988 et
629 1913 860 1990 Acronium.
918 1915 1019 1990 Mox
1039 1912 1112 1989 diu
1133 1912 1301 2002 solidus,
1325 1927 1364 1986 et

348 2060 457 2122 certo
479 2046 594 2123 alveo
623 2025 772 2148 lapsus,
813 2045 923 2124 houd
946 2050 1089 2149 procul
1119 2076 1140 2124 a
1165 2053 1265 2127 mari
1288 2050 1357 2124 huc

346 2183 388 2255 et
414 2179 514 2257 illuc
542 2177 801 2283 dispergitur,
847 2179 918 2257 sed
943 2181 995 2258 ud
1019 2181 1213 2260 sinistram
1245 2183 1356 2262 amris

346 2315 466 2392 etiarn
500 2329 608 2406 turn,
651 2331 691 2392 et
728 2314 858 2394 donec
894 2313 1050 2408 effluat,
1072 2289 1272 2410 'Rhenuu
1314 2312 1356 2392 acl

346 2449 525 2529 dextram
552 2450 686 2552 primo
710 2447 897 2552 angustus
924 2467 965 2527 st
989 2449 1053 2530 sui
1079 2451 1238 2543 similis,
1280 2447 1356 2553 post

346 2587 446 2690 ripis
479 2585 600 2687 louge
635 2610 679 2662 sc
714 2586 791 2662 late
826 2585 1123 2678 recedentibus,
1175 2593 1255 2670 iam
1282 2609 1356 2664 non

347 2723 495 2810 amnis,
529 2718 597 2795 sed
621 2725 762 2820 ingens
786 2720 915 2811 lucus,
943 2721 1016 2798 ubi
1042 2748 1204 2825 campos
1227 2723 1356 2823 imple·

346 2858 428 2947 vit,
465 2858 590 2934 Flevo
616 2854 784 2947 dicitur,
818 2855 1079 2958 eiusdemque
1107 2860 1284 2936 nominis
1302 2858 1354 2932 in·

344 2989 472 3070 sulum
487 2991 709 3092 amplexus,
737 2987 788 3067 fit·
801 2992 950 3069 iterum
972 2993 1113 3082 artior,
1138 2995 1353 3093 iterumque

329 3124 497 3204 ··fluvius
521 3126 728 3204 emittitur.
790 3111 792 3118 ’
1236 3145 1239 3153 ‘

619 3510 625 3518 .
701 3447 735 3526 C
770 3448 805 3523 A
835 3449 876 3524 Ρ.
930 3449 1009 3526 111.

549 3635 575 3689 o
633 3637 657 3688 r
717 3635 741 3687 n
799 3637 834 3688 n
892 3639 918 3690 s
974 3637 1003 3688 n
1061 3637 1078 3689 1
1135 3638 1172 3694 t.

310 3836 328 3888 ι
431 3812 640 3888 Germanis
663 3811 760 3889 hinc
782 3814 879 3914 ripis
902 3815 990 3888 eins
1011 3835 1141 3912 usque
1163 3811 1212 3888 od
1229 3811 1348 3910 Alpes.

343 3970 366 4021 a
386 3947 555 4024 meridie
573 3946 667 4049 ipfis
683 3949 870 4051 Alpibus,
898 3945 946 4023 ub
968 3947 1122 4024 oriente
1139 3946 1347 4024 sarmatica·

342 4107 434 4160 rum
475 4081 658 4176 cousinio,
686 4085 894 4188 gentium,
935 4081 1346 4186 qunseptemtrionsm
