2868 4930
318 423 476 477 cxxm
561 410 625 468 Da
667 405 937 470 toutouto
981 409 1115 470 Mate

318 577 446 678 ignota
463 599 595 650 manua
618 573 846 672 adscripscrat
865 573 1046 650 vadantes
1067 576 1241 650 lectiones
1260 579 1349 652 mul·

319 717 446 773 torum
460 701 629 772 locorum
646 721 693 782 eu
707 696 787 771 ood
801 697 1023 772 Bononianli
1038 698 1258 796 depromtas,
1278 701 1351 798 qui·

318 821 389 932 nus
410 820 467 894 uti
488 817 655 922 contigit.

422 1047 483 1124 34.
524 1027 745 1129 Lugduni
786 1011 1063 1104 Batavorum
1092 1035 1200 1128 1696.
1222 1052 1258 1122 8.

394 1201 532 1289 Auctor
545 1192 624 1266 eiua
639 1197 667 1264 1.
683 1193 910 1284 Gronovius,
937 1192 1002 1290 qui
1022 1196 1081 1266 hio
1101 1222 1237 1271 nomen
1256 1194 1354 1268 suum

320 1315 362 1392 in
377 1313 500 1390 fronte
513 1314 600 1387 libri
615 1312 806 1410 adposuit*
840 1314 991 1387 Aocessit
1013 1335 1193 1412 praeterea
1210 1325 1356 1412 Geogra·

320 1441 418 1538 phus
434 1443 637 1526 Ravennae,
663 1459 774 1531 quem
793 1434 935 1531 primus
950 1438 1158 1510 Porcheron
1173 1464 1220 1510 ex
1239 1436 1354 1509 codiee

321 1559 440 1658 Regio
460 1553 604 1631 Parisiis
624 1560 732 1644 1688.
752 1575 786 1642 8.
811 1579 897 1629 cum
922 1558 1022 1631 notis
1043 1559 1271 1656 vulgaverat,
1300 1558 1355 1630 hit

322 1705 370 1756 ex
408 1683 518 1752 MSto
554 1673 790 1775 Lugdunenfi
825 1674 1024 1772 subpletus.
1097 1687 1217 1752 Notae
1254 1679 1356 1751 etiarn

322 1799 449 1899 pallim
463 1797 650 1896 prodeunt
662 1813 798 1872 auctae
834 1797 1011 1888 Voffium,
1027 1825 1137 1897 quem
1151 1819 1268 1891 antea,
1285 1801 1357 1873 lub-

322 1919 436 2020 ptello
452 1920 616 2008 nomine,
636 1923 742 1993 velut
757 1920 882 1993 virum
898 1921 1062 2010 doctum,
1085 1921 1265 2020 adgressus
1280 1939 1358 2010 erat,

323 2066 427 2116 nune
453 2058 576 2136 aperto
603 2045 725 2114 Marte
751 2042 963 2140 impugnat,
991 2041 1154 2138 praecilis
1177 2044 1285 2116 etiam
1307 2043 1357 2128 iis,

180 2180 184 2192 ’
324 2181 417 2260 quae
448 2160 489 2234 in
520 2160 646 2234 laudes
676 2162 755 2236 eius
781 2179 887 2234 antea
920 2162 1177 2237 immiscuerat.
1240 2163 1359 2238 Additi

324 2298 506 2380 praeterea
528 2281 612 2354 sunt
631 2282 739 2355 numi
763 2300 800 2354 et
820 2281 978 2355 adhibiti
996 2285 1141 2357 codices
1164 2303 1258 2374 tres,
1287 2287 1359 2357 Me-

326 2399 563 2491 diolaneufis,
588 2403 780 2476 Gudianus
797 2421 834 2476 et
848 2402 1052 2491 chilianus,
1078 2429 1191 2501 quem
1206 2409 1358 2479 Bulaeus

326 2525 373 2598 ad
394 2524 454 2597 ed.
480 2522 616 2597 Sanctii
639 2526 861 2614 contulerat,
894 2524 973 2622 ipso
999 2525 1188 2598 Gronovio
1214 2522 1296 2597 teste
1318 2524 1360 2595 ad

328 2669 466 2742 5,1,9.
491 2646 591 2718 unde
612 2643 751 2717 factum
774 2641 840 2734 est,
872 2663 915 2718 ut
933 2645 1024 2718 alies
1044 2645 1163 2742 saepe,
1198 2665 1303 2743 atque
1324 2647 1360 2717 in

325 2768 441 2867 priori
469 2765 648 2855 editione,
680 2764 856 2838 lectiones
882 2765 1064 2860 reciperet.
1136 2769 1247 2864 Quod
1277 2767 1361 2838 uitia

325 2885 604 2987 typographica,
649 2909 740 2982 quae
778 2903 918 2982 praeter
948 2911 1086 2975 unum,
1122 2887 1294 2984 idemque
1323 2887 1360 2959 in

326 3009 441 3107 priori
461 3007 623 3092 editione
642 3005 863 3095 indicatum,
888 3025 1037 3104 negarat
1054 3011 1282 3098 Gronovius,
1306 3033 1362 3081 ex·

326 3128 474 3200 tricavit
494 3143 618 3198 tamen
640 3142 678 3198 et
695 3127 840 3200 notavit
860 3128 965 3223 plura
990 3128 1203 3203 Perizonius
1229 3132 1273 3204 de
1296 3130 1362 3204 sus·

326 3247 463 3344 pendio
489 3245 602 3320 iudae
625 3273 661 3344 p.
679 3250 738 3319 60.
766 3246 830 3321 etii
852 3273 938 3322 eum
958 3247 1115 3324 refutare
1138 3252 1361 3349 aliquatenus

326 3365 466 3442 studuit
485 3376 527 3443 A.
539 3369 751 3442 Gronovius
768 3369 808 3441 in
828 3366 976 3465 praefat
994 3371 1041 3444 ad
1056 3374 1110 3445 ed.
1130 3397 1239 3460 1722.
1274 3381 1362 3470 Kap-

326 3489 412 3586 pius
444 3489 487 3563 iu
518 3488 725 3564 editionum
755 3492 1075 3568 Gronovianarum
1105 3495 1251 3568 recensu
1274 3496 1369 3567 hano

328 3607 478 3684 umilit-

549 3832 610 3902 85.
667 3815 949 3889 Franekerae
979 3837 1086 3908 1700.
1115 3837 1149 3903 8.

403 3965 487 4040 Alia
502 3965 722 4064 exemplaria
736 3967 847 4042 etiam
867 3968 1075 4066 praeferunt
1089 3995 1147 4040 an.
1166 3991 1275 4059 1701.
1308 3963 1364 4042 ER

332 4087 501 4183 repetitio
518 4084 725 4179 Vollianaa,
751 4113 843 4188 quae
851 4089 1074 4191 smndalric
1089 4089 1241 4181 dieitur,
1265 4106 1364 4164 notas
