2868 4930
451 453 548 514 Ctt’.
590 457 696 518 vttt.
1012 473 1089 522 cxv

122 631 191 702 Vs.
241 635 403 698 Aetas
447 633 668 698 schotti
709 643 750 696 et
804 625 1003 728 Vossii.

265 815 324 906 69.
377 811 672 909 Antwerpiae
700 833 810 900 1582.
836 827 873 906 4.

111 983 208 1059 Eius
222 1001 349 1056 auctor
369 979 417 1055 est
438 983 551 1056 Andr.
567 985 748 1057 Schottus.
786 981 868 1084 Post
889 983 1087 1061 dedicatio·

43 1130 126 1178 nem
142 1106 280 1200 legitur
297 1105 423 1176 vineti
437 1102 557 1177 brevis
572 1105 752 1177 enarratio
769 1104 813 1176 de
825 1109 937 1178 Mela.
962 1111 1087 1206 Sequi·

42 1244 97 1299 tur
118 1225 197 1322 ipse
215 1242 354 1314 textus,
377 1225 443 1320 qui
459 1224 571 1298 divisa
586 1225 694 1296 habet
708 1226 822 1322 capita
839 1228 954 1324 prisco
970 1256 1088 1323 more,

41 1347 173 1418 scilicet
193 1347 233 1416 in
261 1345 359 1418 libro
381 1345 503 1441 primo
527 1369 586 1416 αι.
617 1371 776 1440 quorum
799 1349 975 1420 ultimum
1003 1360 1087 1423 claa-

40 1474 119 1560 lysa
134 1465 361 1539 inscribitur.
385 1466 666 1565 Subiunguntur
680 1471 806 1537 Herm.
824 1467 971 1539 Barbari
986 1469 1085 1544 casti.

40 1591 206 1685 gationes
230 1587 272 1658 in
305 1588 463 1675 Melam,
502 1611 591 1683 quas
619 1587 808 1682 excipiunt
837 1583 1084 1684 castigationes

39 1709 216 1795 Pintiani,
242 1707 392 1779 adnexis
413 1707 742 1796 retractationibus,
769 1708 868 1780 unde
885 1708 1086 1804 sequuntur
1184 1734 1186 1747 ·

37 1828 151 1926 ipsius
173 1827 315 1901 Schotti
334 1827 617 1906 adnotationum
636 1825 872 1925 spicilegium.
925 1837 967 1900 ln
987 1857 1087 1927 praa

36 1950 181 2023 fatione
202 1952 292 2020 haec
313 1948 521 2045 profitetur,
553 1947 589 2019 se
613 1965 721 2019 notas
742 1951 782 2018 in
806 1949 937 2022 itinere
958 1953 1086 2050 Hispa·

36 2071 157 2153 aiensi
177 2069 360 2166 scripsisse,
385 2071 515 2166 inquo
538 2067 716 2140 itinerarii
729 2069 812 2141 loco
829 2073 967 2141 Melam
984 2073 1086 2146 adbi-

36 2195 170 2268 buerit.
225 2191 460 2265 Dedicationi
482 2187 697 2284 subscripstt:
730 2193 851 2262 'soleti
870 2200 1085 2286 Carpetano-

35 2343 121 2388 rum
147 2333 260 2401 1581.
310 2315 354 2382 In
375 2309 601 2406 praefatione
622 2310 666 2380 ad
688 2310 912 2409 spicilegium
936 2314 1086 2386 adnota-

37 2439 190 2511 tionum
206 2429 349 2506 excissa
367 2430 532 2528 inopiam
552 2431 733 2502 librorum
750 2455 813 2525 per
829 2433 971 2504 itineris
987 2433 1085 2505 diffi-

38 2561 229 2633 cultatem.
279 2559 325 2625 ln
355 2547 503 2646 epistola
525 2551 570 2623 ad
602 2552 802 2638 Ortelium,
834 2577 925 2648 quae
950 2555 1086 2650 legitur

38 2683 84 2753 ad
102 2681 246 2753 calcem
268 2671 461 2761 editionis,
495 2697 607 2768 quam
630 2671 786 2760 claudit,
818 2675 907 2745 haec
934 2673 1086 2769 profert,

37 2802 73 2874 se
89 2800 240 2875 Melam
260 2789 492 2889 composuisse
511 2817 597 2863 cum
616 2789 757 2866 vetusto
773 2793 973 2889 exemplari
995 2796 1088 2867 cala·

38 2947 102 2996 mo
123 2934 294 3006 exarato,
324 2915 428 2987 cuius
450 2913 680 2986 mentionem
702 2911 812 2982 etiam
830 2911 914 2984 facit
939 2937 970 3002 1,
995 2935 1028 3004 7,
1052 2921 1087 2989 6.

38 3061 78 3115 et
96 3039 202 3114 alibi.
237 3034 468 3111 Pariliensem
481 3052 590 3107 vocat
606 3056 640 3120 a,
659 3057 690 3122 1,
710 3055 766 3121 13.
789 3032 1024 3130 depromtum
1041 3061 1088 3109 ex

36 3163 267 3238 bibliotheca
294 3155 384 3232 Divi
407 3155 566 3230 Victoris
593 3154 761 3227 Lutetiae
782 3155 820 3226 in
851 3153 1089 3250 praefatione,

35 3305 78 3358 et
105 3283 281 3358 Lutetiae
302 3304 321 3350 a
347 3277 380 3351 se
405 3293 656 3374 comparatum
679 3273 725 3345 ad
750 3274 860 3369 praef.
889 3277 1008 3346 Melae
1034 3277 1085 3350 in.

32 3402 210 3481 Pintiani
234 3395 482 3496 colligationes
503 3397 545 3467 in
568 3393 741 3491 Hispania
766 3395 831 3464 vix
859 3395 1010 3491 potuisse
1034 3423 1088 3471 re·

31 3525 158 3626 periri
178 3519 365 3608 adfirmat,
397 3535 433 3588 et
453 3514 552 3612 quasi
572 3515 615 3585 ab
634 3513 788 3585 interitu
804 3515 1004 3588 vindicatas
1023 3523 1089 3592 Or·

33 3649 134 3720 telio
161 3639 231 3715 else
256 3637 386 3712 missas.
444 3637 581 3732 Scripta
608 3633 655 3708 est
679 3638 766 3706 haec
798 3633 943 3730 epistola
966 3639 1091 3710 Toleti

31 3795 100 3842 nn.
122 3785 235 3852 1580.
256 3777 421 3832 exeunte.
474 3763 531 3829 De
550 3756 623 3851 ipsa
639 3755 799 3826 editione
815 3755 969 3845 Vossius,
997 3757 1089 3828 seve·

34 3888 192 3962 maille
209 3882 374 3955 iudexet
393 3901 491 3965 acer,
516 3877 567 3946 ita
588 3875 729 3962 scribit,
756 3875 945 3947 successum
966 3879 1090 3970 potius

34 4013 260 4091 Schottum,
301 4023 412 4096 quam
449 3999 586 4070 bonam
621 3998 852 4068 voluntatem
889 3989 1091 4068 destituisse.

36 4132 151 4204 Idem
168 4122 342 4200 etiamad
360 4141 395 4210 3,
413 4145 448 4213 9,
464 4133 498 4208 4.
520 4112 760 4213 praetermissa
775 4117 816 4186 in
832 4115 1092 4212 Pomponium,

685 4249 711 4318 h
737 4271 759 4318 a
