2816 4920
382 402 426 464 50
663 385 918 448 aonronn
957 387 1126 485 natan

382 569 422 634 et
459 583 532 634 cur
565 557 823 634 memoranda
853 559 917 648 fit,
963 576 1117 662 praeter
1158 557 1365 654 conditores,

381 691 634 772 Mausoleum
656 690 793 783 efficit,
829 696 932 795 regis
956 693 1129 773 Mausoli
1156 721 1366 774 monumen·

380 844 488 918 tum,
523 853 655 904 unum
674 827 726 902 de
745 829 946 905 miraculis
967 827 1133 932 septem,
1168 829 1366 908 Artemisiae

382 989 494 1066 opus.
554 969 679 1040 Trans
712 959 1002 1041 Halicarnasson
1038 966 1107 1040 ille
1143 962 1250 1042 sunt:
1289 967 1366 1042 litte

379 1103 531 1185 Leuca,
560 1097 679 1174 urbes
706 1096 904 1195 Myndos,
941 1096 1165 1201 caryanda,
1192 1101 1366 1200 Neapolis,

378 1231 486 1311 sinus
500 1229 620 1312 tafius
636 1246 675 1308 et
690 1227 883 1334 Basilicus.
914 1235 963 1310 In
980 1235 1085 1340 tatio,
1095 1233 1149 1312 est
1167 1236 1344 1350 Bargylos.

704 1553 739 1632 C
768 1552 801 1630 A
829 1556 870 1628 Ρ.
929 1555 1066 1632 XVII.

791 1743 985 1796 ῙΟΝῙΔ.

342 1941 364 1992 1
462 1915 553 1994 Post
575 1913 784 1992 Basilicum
805 1920 916 1994 Ionia
938 1919 1093 2018 aliquot
1108 1917 1147 1995 se
1166 1914 1366 2020 ambagibus

374 2049 521 2127 sinuat:
573 2065 612 2124 et
649 2051 827 2150 primurn
862 2079 885 2127 a
920 2052 1089 2132 Posrdeo
1115 2052 1366 2156 promontorio

374 2183 523 2260 flexum
554 2184 766 2275 inchoans,
801 2188 927 2288 cingit
953 2192 1163 2268 oraculum
1185 2185 1366 2290 Apollinis,

374 2319 528 2396 dictum
550 2319 649 2393 olim
667 2320 921 2411 Branchidae,
942 2349 1053 2400 nunc
1066 2324 1275 2427 Didymei;
1303 2320 1365 2398 Mt·

307 2483 312 2496 ·
372 2455 518 2544 letum,
557 2455 698 2530 urbem
733 2455 937 2554 quondam
974 2461 1110 2536 Ioniae
1144 2463 1262 2538 totius
1287 2451 1365 2531 belli

372 2593 558 2693 pacisque
579 2588 728 2665 artibus
749 2592 989 2691 principem,
1020 2597 1188 2694 patriam
1213 2589 1365 2671 Thaletis

372 2725 578 2826 astrologi,
614 2739 653 2799 et
677 2727 882 2801 Timothei
905 2727 1066 2817 musici,
1096 2745 1136 2806 et
1157 2730 1365 2804 Anaximan-

371 2861 437 2938 dri
467 2859 642 2963 physici,
681 2862 932 2959 aliorumque
958 2863 1111 2937 civium
1133 2864 1289 2941 inclutis
1315 2859 1365 2934 in·

371 2999 498 3098 geniis
530 2998 674 3071 merito
706 2994 918 3085 inclutam,
965 2997 1200 3098 ubicunque
1234 2996 1365 3073 Ioniam

370 3143 535 3207 vocant:
589 3129 731 3204 urbem
767 3131 969 3230 Hippum,
1014 3136 1141 3211 amnis
1181 3122 1366 3210 Maeandri

369 3267 500 3355 exitu;
529 3269 715 3340 Latmum
732 3278 921 3353 montem,
938 3265 1216 3368 Endymionis,
1233 3291 1253 3340 a
1269 3269 1365 3340 Luna

275 3483 279 3498 Α
333 3399 444 3502 2(ut
469 3396 629 3499 ferunt)
661 3398 846 3486 adamati,
876 3395 1011 3475 fabula
1032 3403 1224 3479 nobilem
1275 3394 1365 3477 Dein

367 3529 502 3609 rursus
526 3531 669 3610 inflexa
688 3533 811 3633 cingit
827 3533 968 3610 urbem
986 3537 1177 3628 Prienen,
1215 3551 1254 3611 et
1275 3520 1365 3606 Gaest

367 3667 546 3746 fluminis
568 3665 733 3745 ostium:
769 3691 944 3767 moxque
964 3683 1011 3744 ut
1029 3673 1179 3747 maiore
1203 3666 1366 3746 circuitu,

364 3806 424 3880 ‘ita
456 3803 572 3904 plura
607 3803 892 3901 complectitur.
956 3802 1017 3878 lbi
1051 3803 1106 3878 est
1135 3801 1366 3880 Panionium,

367 3939 470 4016 sacra
498 3939 629 4038 regio,
674 3950 714 4009 ct
743 3935 796 4012 ob
824 3935 869 4010 id
897 3961 947 4013 eo
984 3940 1151 4014 nomine
1180 3934 1367 4039 adpellata,

367 4072 481 4178 quod
507 4095 594 4150 eam
624 4071 890 4148 communiter
919 4075 1035 4150 Iones
1068 4074 1227 4152 oolturt:
1275 4066 1366 4144 itia
