2868 4930
332 315 459 366 cxvrrr
575 295 640 376 DE
691 291 964 355 POMPONIO
1013 291 1153 354 Meua

584 487 645 555 72.
702 459 921 533 Basileae
949 479 1058 556 1595.
1098 478 1135 548 8.

414 603 523 700 Apud
543 599 789 676 Sebastianum
807 603 1039 700 Henricpetri
1053 626 1142 676 cum
1157 597 1296 685 Solino,
1317 596 1376 693 qui

338 726 462 799 Melae
476 727 637 799 adnexui
655 723 824 820 sequitur.
850 724 996 820 Repetit
1009 723 1193 796 editiones
1206 745 1263 794 an.
1276 723 1376 811 1564.

338 845 378 918 in
405 845 504 918 viriis
528 848 650 939 etiam,
673 865 710 919 et
735 850 842 934 1576.
876 845 1129 917 Praemittitur
1154 841 1266 916 etiam
1286 863 1379 936 prae·

338 965 431 1040 satio
442 965 579 1040 Christi.
591 965 726 1040 Urstisii
741 969 808 1060 (ita
825 963 975 1061 quidem
989 955 1379 1050 hicscribitur,Wurst·

340 1088 435 1162 eisen
457 1089 690 1178 Germanice)
712 1087 848 1160 additis
872 1111 919 1159 ex
934 1088 1100 1159 vediano
1125 1081 1377 1180 appendicibus

340 1209 386 1280 de
410 1210 525 1296 Mela,
554 1210 728 1306 Oporini,
756 1207 857 1279 docti
879 1207 1112 1305 typographi,
1139 1201 1379 1278 adnotationi-

339 1327 422 1416 bue,
448 1353 538 1424 quas
558 1329 744 1429 ignoravit
763 1329 971 1417 loecherua,
997 1327 1218 1423 insertisque
1238 1321 1377 1410 tabulis,

340 1473 496 1544 quarum
521 1467 644 1522 temen
668 1450 729 1522 hic
758 1475 790 1538 1,
814 1473 848 1538 3.
871 1467 905 1542 4.
933 1451 972 1522 in
999 1447 1301 1544 inscriptionibus
1325 1465 1379 1514 va·

340 1569 449 1642 riant.
500 1577 643 1666 Nempe
661 1571 722 1643 hic
740 1568 789 1644 est
805 1577 925 1662 Libya,
956 1579 1095 1659 Aptara
1117 1587 1155 1640 et
1172 1571 1376 1640 Marmarica,

340 1689 396 1764 ibi
415 1688 546 1786 Africa,
571 1699 748 1776 Numidia,
779 1699 966 1783 Cyrenaica.
1001 1699 1185 1763 Accusate
1200 1690 1293 1758 hauc
1309 1682 1377 1754 edi·

340 1809 503 1898 tionem,
541 1837 652 1909 quam
684 1812 759 1908 ipse
791 1805 968 1908 possideo,
1007 1807 1190 1906 descripsit
1218 1815 1375 1904 Hagerua
1407 1874 1410 1883 ,

340 1955 376 2025 p.
395 1950 465 2018 527
482 1929 529 2026 sq.
545 1956 575 2002 c.
591 1935 616 2002 l.
661 1933 796 2030 (lapita,
823 1932 924 2029 quod
946 1931 1036 2020 vidi,
1063 1947 1189 2002 carent
1211 1925 1375 2010 numeria,

340 2069 482 2147 praeter
497 2074 569 2140 eoa,
585 2053 649 2148 qui
663 2053 804 2126 tabulas
820 2054 977 2126 adiectas
994 2051 1169 2123 indicant.
1197 2057 1311 2144 Caput
1325 2068 1375 2136 19.

342 2193 388 2242 ex
410 2168 540 2243 ordine
562 2175 797 2248 Gronoviano
824 2175 885 2246 hic
909 2174 1019 2244 etiam
1040 2171 1251 2245 inscribitur
1270 2175 1375 2253 Bithy·

343 2299 410 2369 nia,
441 2300 674 2383 Paphlagonia,
706 2299 871 2386 Chalybes.
922 2301 966 2366 In
992 2294 1158 2390 margine
1179 2307 1216 2362 et
1237 2288 1295 2358 hic
1316 2309 1374 2380 po·

341 2410 436 2485 tiora
460 2413 541 2486 loce
566 2417 761 2506 notantur,
798 2417 859 2492 vel
888 2437 974 2489 cum
1005 2416 1217 2487 Ptolemaeo
1241 2427 1375 2502 compa·

341 2549 479 2606 rantur.

685 2689 822 2761 Busil.
852 2693 959 2782 1597.
995 2707 1029 2774 3.

415 2829 522 2900 Hanc
551 2827 771 2919 editionem,
812 2853 922 2924 quam
953 2851 1136 2922 nusquam
1167 2815 1372 2915 investigare

342 2949 466 3042 potui,
499 2949 672 3045 producit
697 2955 752 3022 10.
778 2944 923 3021 Cleffiua
950 2948 990 3020 in
1023 2946 1175 3018 elencho
1200 2944 1372 3016 librorum

343 3067 476 3160 prioris
507 3069 615 3141 seculi
648 3071 693 3140 ab
724 3094 821 3141 anno
851 3089 959 3156 1500.
995 3069 1040 3140 ad
1066 3093 1151 3140 ann.
1180 3053 1370 3137 16ο1.ιῑοε

344 3195 458 3277 Pomp.
475 3197 564 3260 Mela
580 3197 619 3259 de
626 3195 698 3291 ficu
714 3195 797 3258 orbis
814 3195 887 3259 libri
901 3209 963 3258 tres
978 3209 1009 3258 ec
1029 3196 1068 3260 C.
1085 3195 1186 3256 Soliui
1201 3181 1372 3274 Polytssor

347 3325 475 3399 uterque
491 3309 622 3409 scholiis
648 3333 679 3380 et
704 3316 822 3407 tabulis
847 3315 1043 3398 elegantibus
1068 3313 1262 3407 illustratum
1296 3293 1372 3370 reli·

346 3453 427 3522 qua,
446 3430 614 3528 utsupra.
651 3433 805 3504 Videtur
819 3428 885 3501 effe
899 3425 1113 3526 praecedens
1129 3429 1257 3515 editio,
1272 3437 1372 3520 quaro

340 3536 382 3641 'et
403 3577 557 3625 numero
580 3553 703 3624 orbata
727 3551 863 3650 prodit.

534 3725 594 3796 75.
655 3702 1183 3795 Salmanticae1598.3.

419 3853 577 3926 Auctore
599 3845 783 3919 Frarrcisco
809 3845 964 3917 Sanctio.
988 3847 1060 3933 ‘ln
1084 3837 1308 3911 dedicatione
1330 3819 1371 3898 ed

227 3967 229 3974 ’
345 3969 587 4044 Emauuelem
629 3972 878 4056 Sarmentum,
927 3963 1150 4062 'theologiae
1182 3961 1370 4032 doctorem.
