2934 4924
318 401 371 458 ιιι
408 395 709 456 rourourou
749 397 932 456 unctu.
1085 413 1147 476 ⁸07

113 587 182 644 ριος
203 585 338 644 procero
351 567 452 623 hebere
469 577 581 634 r,5,2.
609 584 663 642 pro
676 564 751 640 asylo
764 566 801 622 eii
818 589 844 628 ι.
863 585 909 640 19,
927 581 976 622 to.
997 567 1085 624 Morti
1096 587 1149 644 pro

159 652 306 708 limulncrir
324 654 397 706 cnseo
412 652 538 706 dedicent
553 665 579 713 2.
600 672 624 716 ι,
645 665 691 722 15.
718 669 780 705 cero
795 652 825 704 in
839 649 972 726 pollinem
986 670 1072 726 utque
1087 672 1151 708 con·

160 739 217 792 tuta
233 735 467 812 proruente,
485 751 513 800 7,
532 757 557 792 ι.
595 753 647 810 pro
664 735 772 813 flagitio
786 734 903 790 hebetur
917 749 946 806 5,
962 746 990 808 4,
1004 749 1033 807 5.
1062 738 1151 812 copite

159 839 212 896 pro
235 819 342 896 por-ulie
369 834 471 898 gerunt
489 834 515 881 2,
535 841 559 884 ι,
577 839 606 894 9.
649 823 668 874 fi
696 837 749 894 pru
775 819 896 873 materie-
910 819 1019 874 dicetur
1034 836 1062 882 2,
1076 833 1104 892 4.
1121 837 1149 878 c.

161 923 225 959 curn
243 903 347 960 Galliac
370 921 422 978 pro
445 903 553 958 consule
575 903 703 978 preeeffet
718 917 747 974 3.
765 915 793 970 6·
813 914 842 972 8.
882 904 909 956 V
908 903 944 958 id.
959 905 992 958 de
1000 903 1095 978 forma
1113 909 1149 961 ΙΙ.

160 1003 190 1060 5.
205 1011 234 1062 p.
254 987 319 1058 146.
352 1006 468 1066 magnae
487 1005 565 1042 curer
585 1007 637 1062 pro
652 987 724 1041 veste
739 989 801 1042 funt
816 1001 844 1058 5.
860 985 888 1046 6.
904 995 932 1056 8·
971 1007 1023 1062 pro
1039 988 1151 1064 eloquio

161 1090 246 1126 untur
260 1088 289 1144 5,
305 1091 334 1146 9,
349 1081 378 1144 4.
417 1089 469 1146 pro
484 1073 607 1126 victimie
622 1072 739 1126 adr-enee
755 1071 865 1126 caedere
879 1086 907 1134 rt,
926 1088 953 1133 ι,
970 1090 1017 1129 ιι.

118 1176 187 1232 pro,
213 1177 262 1231 per
283 1171 310 1209 tt
331 1177 404 1230 pree·
448 1156 513 1214 vid.
530 1157 583 1210 [uie
601 1155 676 1210 locie.

117 1241 233 1314 probrare
255 1239 356 1314 probae
372 1241 561 1314 formoiceque
578 1241 607 1293 iu
622 1239 713 1314 pretio
727 1241 789 1295 sunt
805 1252 832 1300 2,
852 1253 879 1300 2.
895 1247 924 1310 4.

117 1325 278 1397 procedere,
300 1343 358 1378 nox
378 1347 404 1387 ι,
422 1334 450 1392 8,
472 1342 495 1378 ι.
526 1338 559 1378 ut
578 1325 643 1378 inde
665 1325 703 1393 (a
720 1324 805 1389 Nilo)
824 1323 951 1396 procedit
972 1323 1107 1398 (Africa)
1127 1339 1154 1388 r.'

162 1419 192 1480 4,
214 1431 240 1464 ι.
269 1407 362 1463 Helles
377 1407 475 1484 grandi
490 1407 581 1462 fronte
593 1406 718 1482 procedit
733 1425 760 1470 2,
777 1419 804 1478 5.
819 1419 849 1479 5.
888 1421 920 1460 ut
937 1409 1062 1482 procedit
1075 1408 1154 1468 luiie

163 1507 191 1553 2.
208 1501 238 1564 4.
259 1515 285 1548 ι.
320 1507 422 1564 quanto
439 1494 525 1570 magio
541 1493 666 1566 procedit
684 1494 825 1548 Garumne
838 1504 867 1565 5.
883 1502 910 1556 Ω,
926 1503 956 1560 5.

120 1577 257 1650 procellae
285 1574 413 1650 procellis
429 1579 581 1650 expofitum
596 1595 670 1630 ruore
684 1589 713 1649 5,
729 1587 758 1642 5.
773 1588 805 1648 5.

120 1657 302 1734 procellosum
330 1677 405 1712 ruere
426 1673 455 1731 5,
476 1671 505 1729 8,
533 1679 558 1714 ι.

120 1761 262 1816 ριοσειιιις
286 1743 436 1818 procerior
452 1762 569 1818 corpore
587 1743 713 1820 ingentes
727 1755 756 1814 5,
773 1757 801 1806 7,
817 1757 847 1816 5.

120 1825 266 1900 proconsul
288 1841 315 1882 ct
334 1847 385 1902 pro
406 1827 521 1902 consule.
551 1830 585 1887 V.
604 1831 641 1881 11.
660 1839 688 1894 5.
706 1845 733 1900 p.
752 1827 819 1899 146.

120 1928 277 1983 procrearet
298 1909 487 1988 benigniffime
503 1913 597 1990 [roget
613 1925 642 1984 5.
664 1928 710 1971 ro,
727 1923 757 1977 5.

122 1994 236 2066 procu13
258 1995 362 2048 intueri
376 2009 404 2056 2,
418 2011 445 2062 7,
469 2009 514 2064 ι5.
545 2011 573 2050 et
588 2014 651 2050 cum
667 2013 770 2068 penore
784 1993 891 2068 eliqnid
906 1993 1003 2074 ingere
1018 2009 1046 2060 η,
1062 2011 1091 2064 7,
1107 2011 1158 2054 22.

166 2077 238 2131 fecer
253 2078 400 2133 admovere
416 2097 444 2142 2,
461 2093 490 2150 5,
507 2092 535 2148 5.
569 2077 695 2154 procule
711 2079 807 2134 ceterie
824 2079 926 2134 abeunt
940 2093 969 2152 5.
991 2094 1018 2144 7·
1035 2093 1064 2152 5·
1095 2097 1159 2154 pro·

168 2161 495 2218 cuiemerideurbibur
517 2184 540 2226 ι,
556 2161 584 2224 6,
603 2183 629 2218 ι.
655 2182 679 2226 ι,
698 2179 726 2235 9,
743 2181 772 2236 9.
794 2177 824 2234 5,
841 2174 914 2233 2,5.
951 2163 1160 2238 urbiumqnee

167 2245 267 2319 procul
280 2264 296 2300 ι
308 2246 378 2300 mori
393 2245 566 2308 habitentur,
589 2245 807 2320 opulentiffinroe
821 2278 861 2290 -
877 2262 905 2309 2.
920 2257 949 2320 4.
968 2265 995 2305 ιι.
1030 2248 1128 2322 procul
1144 2267 1161 2302 e

169 2329 252 2384 litore
266 2345 295 2403 5,
314 2349 339 2392 ι,
353 2339 383 2402 4.
419 2331 616 2407 Proepofitioo
639 2334 665 2386 in
681 2332 770 2387 multis
789 2333 857 2387 cdd.
874 2330 962 2405 deefi,
991 2332 1025 2386 de
1047 2353 1099 2406 quo
1122 2330 1160 2406 cf.

169 2415 206 2466 11.
226 2433 294 2489 r.p.
311 2431 380 2470 221.
408 2415 505 2488 procui
524 2415 588 2470 inde
609 2437 634 2476 ι,
654 2427 700 2482 15,
719 2435 743 2470 ι.
779 2417 862 2470 Deci
882 2419 967 2474 uocis,
988 2435 1162 2490 protopar-

169 2499 252 2552 eiecto
279 2497 363 2574 longe
392 2502 430 2552 ita
455 2499 601 2574 discrepat.
633 2513 663 2552 ut
688 2503 812 2554 minorem
836 2497 1033 2574 separationem
1052 2519 1070 2552 a
1093 2501 1162 2562 loco,

169 2601 248 2654 qnam
264 2580 347 2658 longe
363 2583 474 2646 indicet,
496 2583 533 2656 cf.
549 2586 601 2636 111.
621 2602 647 2635 1.
666 2603 694 2654 p.
715 2592 781 2654 149.
804 2585 852 2636 ΙΙΙ.
871 2599 898 2636 2.
914 2603 942 2653 p.
960 2593 1029 2646 257.

126 2683 297 2738 procurrere,
319 2669 429 2739 Europe
451 2667 539 2720 medin
554 2667 695 2740 procurrit
714 2685 737 2727 ι,
755 2680 783 2732 5,
802 2683 828 2722 2.
857 2664 1032 2738 interipsum
1047 2663 1163 2720 Hadria·

171 2747 258 2802 ticum
271 2765 297 2802 et
312 2751 431 2804 Tuscum
447 2751 526 2804 italio
541 2752 681 2824 procurrit
699 2770 724 2811 ι,
743 2763 770 2814 5,
788 2760 818 2820 4.
852 2747 924 2802 letne
942 2747 1073 2800 terracin
1089 2747 1163 2822 pelo.

169 2851 222 2908 gne
240 2849 403 2906 procurrens
420 2847 448 2900 5,
465 2849 493 2898 o,
511 2850 538 2901 7.
570 2849 638 2888 terro
655 2833 726 2886 inter
742 2831 952 2904 Hellespontum
970 2833 1163 2906 Aegaeumque
1204 2849 1206 2852 ·

170 2928 201 2978 2,
218 2935 245 2981 2,
265 2931 293 2982 7.
323 2917 415 2970 Sicilia
431 2917 521 2972 tribur
537 2917 738 2993 promontorii·
752 2915 781 2968 in
797 2916 903 2970 diversa
920 2933 948 2976 2,
966 2929 993 2980 7.
1014 2923 1058 2984 14.
1081 2917 1165 2988 Pyre·

171 3016 256 3054 netur
278 3001 308 3053 in
328 3003 517 3056 Britannicum
539 3003 679 3058 Oceanum
696 3017 723 3062 2,
743 2999 772 3059 6,
793 3021 820 3054 ι.
860 2998 1087 3072 promontorium
1110 2997 1165 3056 late

173 3085 233 3138 [ede
247 3102 411 3158 procurrens
427 3101 454 3153 5,
475 3106 500 3148 r,
517 3087 545 3140 6.
584 3086 638 3141 Pro
651 3105 682 3139 eo
697 3083 762 3138 olibi
779 3084 844 3138 dicit
859 3081 987 3142 extendi.
1009 3099 1165 3138 excurrere.

173 3169 211 3224 V.
227 3171 264 3222 11.
284 3190 310 3223 1.
329 3187 356 3242 p.
378 3169 435 3239 164
453 3172 490 3242 [q.

130 3271 244 3326 procur:
268 3267 378 3306 manent
394 3253 518 3308 dominre
539 3253 618 3326 proci
634 3269 662 3313 2.
680 3270 708 3312 2,
720 3259 752 3322 4.

131 3336 260 3412 prodere:
282 3335 427 3410 proditum
442 3341 556 3393 feratur
572 3352 599 3400 2,
617 3351 643 3404 7,
666 3349 710 3403 ¹5·
746 3331 890 3409 proditum
908 3333 944 3388 est
965 3335 1086 3391 carmine
1106 3337 1167 3392 Ho-

176 3422 280 3474 merico
296 3435 365 3486 Μ.
382 3422 411 3476 6.

134 3505 282 3580 proelium
303 3505 423 3576 equestre
436 3506 508 3560 inire
524 3524 548 3566 ι,
568 3523 614 3578 ι9,
634 3519 680 3570 ι7.
709 3503 861 3557 commenti
873 3502 1022 3558 Phoenicen
1038 3524 1062 3569 ι,
1077 3523 1122 3570 ro,
1139 3523 1166 3560 ι.

134 3588 285 3665 proficisci,
307 3589 424 3661 proiecti
440 3591 469 3644 in
488 3591 533 3650 id,
554 3605 584 3642 ut
598 3617 641 3630 -
657 3603 685 3654 5,
702 3587 730 3648 6,
748 3601 775 3652 5.

134 3675 275 3750 profiterir
302 3672 342 3734 hi,
361 3674 430 3746 qnid
444 3673 484 3728 dii
498 3673 597 3736 velint,
620 3671 686 3726 [cire
700 3671 866 3744 profitentur
883 3684 911 3736 5,
930 3683 957 3730 Ω.
975 3683 1003 3736 5.

134 3757 286 3832 profluum
315 3759 521 3812 Coroconderne
536 3757 564 3810 in
583 3775 657 3810 more
678 3753 817 3828 profluent
837 3777 862 3818 ι,
883 3773 929 3828 ¹9·
950 3766 996 3820 15.
1039 3751 1104 3807 Ister
1124 3769 1169 3806 ec·

176 3843 240 3896 dem
256 3843 364 3914 impetu
380 3841 519 3915 profluens
538 3859 565 3904 2,
582 3851 611 3913 4.
626 3849 655 3911 4.

134 3925 297 4002 profugerer
328 3927 462 3982 Eudoxus
484 3944 547 3982 curn
572 3923 744 3984 Lothurum,
771 3939 863 3986 regern
891 3917 1081 3978 Alexandriae.
1106 3937 1169 3999 pro·

178 4011 290 4088 fugeret
314 4024 341 4078 5,
367 4029 395 4088 9,
422 4025 452 4079 5.
507 4011 549 4068 De
572 4005 708 4088 structura
734 3987 963 4085 cunr'iecrusotiuo
992 4000 1118 4060 vid.111.
1140 4015 1169 4072 5.

87 4095 91 4100 ’
177 4119 208 4175 r·
226 4105 296 4170 eoe-
