2868 4930
353 421 391 466 ro
631 400 894 466 contemtu
935 393 1103 464 MELA'E

347 573 545 654 dissimum
566 577 763 678 incipere,
788 573 899 654 unde
918 589 1039 652 terras
1053 572 1249 654 Nostrum
1261 573 1372 680 pela-

347 709 684 813 gusitrgreditu13
723 727 763 788 et
777 713 825 788 ab
840 713 890 788 iis
904 707 1164 813 potissimum,
1192 731 1294 812 quae
1308 713 1376 788 in·

347 843 492 928 fluenti
527 843 663 923 dextra
697 844 809 924 sunt:
862 844 1008 926 deinde
1041 841 1229 947 stringere
1254 845 1376 924 litora

349 977 511 1070 ordine,
549 1007 633 1083 quo
660 983 810 1074 iacent,
850 983 1143 1085 peragratisgue
1173 982 1375 1072 omnibus,

349 1141 452 1218 quae
474 1140 582 1192 mare
599 1115 829 1218 adtingunt,
862 1117 994 1219 legere
1012 1117 1131 1192 etiam
1147 1115 1236 1206 illa,
1270 1140 1375 1216 quae

350 1250 474 1349 cingit
496 1254 699 1344 Oceanus;
736 1250 865 1327 donec
884 1248 1026 1329 cursus
1056 1251 1207 1350 incepti
1228 1251 1374 1351 operis,

348 1385 453 1462 iutra
497 1401 682 1486 extraque
719 1387 1009 1465 circumvectus
1049 1386 1217 1477 Orbem,
1259 1385 1374 1477 illuc,

349 1519 460 1600 unde
482 1522 679 1628 coeperit,
710 1521 858 1609 redeat.

726 1876 761 1953 C
789 1875 824 1952 A
852 1877 894 1952 1³.
949 1874 997 1952 V.

402 2031 739 2138 Particularis
767 2050 986 2166 Africae
1017 2048 1309 2167 descriptio.

679 2287 1041 2366 urunarrnin.

315 2481 334 2539 ¹
433 2477 601 2556 Dictum
620 2475 676 2554 est
693 2479 935 2555 Atlanticum
956 2474 1030 2554 esse
1057 2481 1271 2565 Oceanum,
1299 2477 1373 2578 qui

273 2669 276 2678 ,
346 2623 468 2689 terras
507 2615 556 2690 ab
594 2614 799 2692 occidente
844 2615 1099 2714 contingeret
1182 2612 1288 2686 Hinc
1323 2611 1371 2688 in

346 2743 544 2824 Nostrum
568 2775 675 2825 mare
708 2748 983 2850 pergentibus,
1028 2747 1140 2822 laeva
1169 2743 1371 2847 Hispania,

346 2881 594 2990 Mauretania
612 2883 745 2958 dextra
761 2881 816 2958 est
825 2911 836 2974 ;
864 2883 1015 2983 primae
1033 2896 1173 2980 partes,
1201 2881 1271 2956 illa
1287 2885 1371 2956 Eu·

345 3039 486 3114 ropac,
521 3017 618 3092 haec
646 3016 811 3093 Africae.
881 3016 977 3092 Eius
1018 3041 1109 3093 orae
1135 3012 1226 3092 finis
1271 3017 1373 3092 Mu·

345 3147 486 3225 lucha:
532 3167 651 3252 caput
676 3167 793 3251 atque
817 3151 1029 3227 exordium
1055 3145 1111 3225 est
1134 3165 1371 3251 promonto-

343 3282 470 3374 rium,
508 3284 621 3386 quod
651 3289 790 3361 Graeci
824 3269 1084 3386 ’Apnsloccsau
1128 3281 1216 3360 Asri
1241 3285 1371 3375 aliter,

343 3411 413 3490 sed
457 3418 567 3495 idem
602 3419 841 3523 significante
887 3421 1107 3510 vocabulo,
1153 3417 1365 3519 adpellant.

307 3556 390 3627 oln
405 3577 452 3626 eo
468 3553 522 3629 est
537 3554 674 3658 specus
694 3558 859 3632 Herculi
876 3553 1000 3632 sacer:
1023 3570 1069 3631 et
1083 3556 1188 3630 ultra
1205 3550 1369 3653 specum

343 3687 492 3788 Tinge,
523 3690 720 3789 oppidum
743 3706 950 3792 pervetus,
979 3689 1027 3765 ab
1044 3691 1194 3766 Antaeo
1217 3690 1292 3790 (ut
1307 3685 1368 3761 se-

341 3823 462 3922 runt)
490 3823 708 3901 conditum.
739 3807 896 3901 'Exstat
925 3825 984 3901 rei
1012 3821 1185 3923 fignum,
1227 3847 1368 3923 parma

342 3955 597 4057 elephantino
639 3961 788 4059 tergori
807 3958 989 4049 exsecta,
1030 3959 1190 4058 ingens,
1234 3972 1274 4031 et
1311 3957 1367 4032 ob

341 4091 659 4196 magnitudinem
672 4095 778 4177 nulli
792 4119 902 4173 nunc
916 4091 1040 4175 usuro
1049 4091 1213 4185 habilior
1243 4116 1367 4196 quam
