2816 4920
348 415 392 498 „a
621 413 884 475 ronronn
924 415 1091 478 uren

195 607 244 694 ,l
348 593 527 678 Axenus,
573 583 661 688 post
704 590 944 666 commercio
980 591 1147 666 aliarum
1183 589 1349 690 gentium

219 716 252 836 ἰ
348 725 512 804 mollitis
534 724 782 822 aliquantum
801 725 993 815 moribus,
1023 725 1153 802 dietus
1171 728 1349 801 Euxinua

307 865 396 948 71n
421 882 471 935 eo
499 861 678 958 primum
708 857 967 959 Mariandyni
1004 860 1147 936 urbem
1175 861 1350 950 habitant,

350 998 395 1074 ab
413 995 563 1094 Argivo
583 991 657 1092 (ut
676 990 838 1096 ferunt)
861 997 1033 1071 Hercule
1056 995 1197 1070 datam.
1243 999 1353 1070 Hera·

350 1131 428 1206 elea
449 1131 665 1206 vocitatur:
700 1127 745 1206 id
761 1125 887 1203 famae
906 1127 1025 1208 fidem
1049 1130 1195 1206 adiicit„
1251 1133 1383 1226 quta,

345 1263 483 1365 specus
512 1261 586 1354 est,
622 1259 848 1352 Acherusia,
885 1265 933 1340 ad
959 1270 1099 1341 Manes
1123 1264 1197 1365 (ut
1226 1259 1351 1363 aiunt)

276 1445 287 1494 y
347 1400 528 1502 pervius,
554 1413 671 1500 atque
692 1399 788 1474 inde
811 1415 1028 1476 extractum
1045 1402 1262 1478 Cerberum
1281 1397 1352 1472 exi·

313 1533 513 1612 illimem
588 1541 697 1614 Tum
726 1535 823 1612 Tios
854 1534 1070 1636 oppidum,
1114 1532 1352 1613 Milesiorum

346 1669 552 1774 quondam
576 1670 752 1760 colonie,
786 1667 855 1744 sed
872 1671 951 1745 iam
971 1669 1046 1749 soli
1066 1673 1271 1773 gentisque
1290 1670 1351 1742 Pa·

339 1809 616 1910 phlegonum:
653 1827 830 1905 quorum
856 1806 901 1880 in
925 1807 1110 1883 litoribus
1135 1829 1258 1908 paene
1280 1823 1351 1877 me·

346 1941 423 2018 diis
454 1940 778 2042 promontorium
806 1936 861 2014 est
886 1940 1107 2032 Carambis3
1155 1944 1249 2016 citra
1272 1941 1350 2012 Par·

345 2076 506 2152 thonius
522 2075 667 2163 amnis,
695 2075 895 2174 urbesque
909 2073 1084 2151 Sesamus
1100 2092 1141 2151 et
1158 2079 1349 2157 Cromnos,

345 2225 385 2284 et
414 2236 436 2282 a
464 2205 668 2309 Cytisoro,
710 2209 847 2284 Phrixi
874 2205 979 2301 filio,
1015 2210 1140 2312 posita
1174 2213 1348 2311 Cytoron

346 2358 435 2418 tum
452 2343 626 2433 Cinolie,
650 2343 906 2433 Anticinolis,
938 2362 995 2435 et,
1026 2373 1127 2448 quae
1150 2344 1349 2446 Paphlago·

307 2479 456 2569 9niam
476 2473 583 2565 finit,
619 2479 800 2552 Armene.
867 2479 1064 2581 Chalybes
1091 2480 1264 2581 proximi
1285 2475 1349 2548 cla·

345 2609 503 2690 riffimas
529 2612 678 2688 habent
706 2609 870 2689 Amison
906 2629 945 2688 et
978 2617 1173 2716 Sinopen,
1219 2608 1347 2713 Cynici

263 2765 266 2780 '
345 2750 540 2850 Diogenis
565 2749 751 2848 patriam,
788 2745 921 2824 amne's
948 2753 1081 2850 Halyn
1105 2768 1148 2828 et
1169 2750 1348 2828 Thermo·

346 2883 478 2960 donea.
551 2881 780 2959 Secundum
800 2884 937 2984 Halyn
968 2885 1063 2961 urbs
1092 2885 1149 2960 est
1174 2877 1346 2986 Lycasto:

347 3016 398 3092 ad
416 3015 715 3093 Thermodonta
738 3041 909 3117 campus.
968 3021 1015 3094 In
1032 3045 1080 3097 eo
1097 3017 1180 3097 fuit
1200 3012 1348 3094 Themi·

345 3149 520 3253 scyrium
537 3150 753 3252 oppidum:
783 3149 895 3227 fuere
911 3166 950 3227 et
964 3158 1212 3232 Amazonum
1227 3146 1347 3230 castren

292 3286 441 3363 roideo
463 3289 726 3364 Amazonium
749 3303 902 3363 vocant.
960 3287 1151 3366 Tibareni
1166 3282 1348 3384 Chalybas

347 3421 575 3522 adtingunt,
624 3423 772 3523 quibus
796 3425 839 3498 in
866 3422 956 3499 lusu
977 3423 1139 3524 risuque
1161 3423 1347 3499 summum

346 3556 501 3635 bonum
527 3557 593 3633 est.
652 3558 763 3633 Ultra
791 3555 1059 3665 [Carambin]
1090 3557 1253 3658 Mosyni
1278 3568 1348 3625 tur·

260 3783 268 3788 ⁸
345 3716 409 3768 res
429 3693 578 3795 ligneas
602 3689 794 3783 subeunt,
834 3696 939 3770 notis
963 3719 1108 3796 corpus
1134 3717 1251 3771 omne
1270 3705 1347 3786 per·

347 3825 515 3929 signant,
550 3828 764 3929 propatulo
788 3827 1022 3918 vescuntur,
1051 3824 1243 3930 promisce
1266 3839 1348 3893 con·

265 3946 270 3955 ¹
350 3963 544 4040 cumbunt
566 3978 604 4038 et
628 3962 779 4064 palam:
825 3987 935 4064 reges
959 3958 1146 4065 suffragio
1169 3959 1359 4057 deligunt„

349 4099 599 4199 vinculisque
616 4115 654 4174 et
675 4097 851 4174 artiffima
867 4097 1044 4176 custodia
1060 4113 1206 4190 tenent,
1231 4075 1346 4189 atque,
