2816 4920
174 307 239 364 nr
277 303 390 369 suu
420 302 564 364 ossis
600 303 691 364 Lm.
720 307 796 374 ru,
820 305 853 364 c.
875 308 929 372 vr.
1024 319 1067 386 9²

51 476 236 579 quosdam
271 501 295 550 a
331 499 423 576 rege
455 475 651 552 'Boiorum
684 473 793 554 dono
830 474 904 552 fibi
931 471 1066 568 dst0s3

50 611 149 690 unde
179 613 226 688 in
265 635 329 688 eas
357 625 478 687 terras
515 607 777 702 devenillent,
821 609 1064 710 requirendo

49 743 243 849 coguolle‚
281 747 326 822 vi
347 743 621 848 tempestatum
642 769 690 822 ex
714 743 861 822 Indicis
881 745 1065 844 aequori·

48 882 114 970 bus
139 882 346 982 abreptos,
387 879 665 981 emensosque,
710 905 812 981 quse
836 881 1063 970 intererant,

47 1016 197 1094 tandem
225 1007 282 1092 inw
307 1017 539 1092 Germaniae
565 1016 682 1093 litora
716 1011 857 1091 exiille.
928 1011 1063 1090 Restat

47 1175 129 1250 ergo
154 1150 342 1253 pelagum
376 1149 445 1226 sed
465 1152 618 1252 reliqua
635 1150 767 1226 lateris
790 1148 971 1230 eiusdem
992 1147 1062 1228 ad·

46 1283 147 1366 fiduo
169 1286 268 1388 gelu
289 1283 504 1377 durantur,
538 1300 580 1361 et
603 1284 697 1363 ideo
721 1281 994 1366 desertarum

398 1605 565 1684 cns.
622 1609 757 1716 vr„

96 1761 318 1882 Hispaniae
354 1773 555 1849 exterioris
593 1785 633 1844 et
662 1763 994 1880 septemtrionalis

371 1906 515 1984 Oceani
553 1899 712 2017 insulae.

115 2104 186 2180 His
208 2107 311 2197 oris,
344 2131 441 2208 quas
462 2106 612 2208 ungulo
636 2106 811 2182 Baeticae
834 2104 965 2182 adhuc
985 2121 1087 2182 sus-1

44 2258 111 2334 que
131 2239 454 2339 perstrinximus,
491 2241 640 2317 multae
667 2239 865 2340 ignobiles
889 2209 1053 2330 insulae,

44 2384 76 2442 et
97 2368 173 2448 fine
208 2377 444 2459 nominibus
470 2377 608 2464 etiam,
646 2374 846 2452 adiacent:
893 2371 963 2448 sed
989 2397 1053 2448 ea-

44 2526 141 2596 rum,
176 2535 276 2609 quas
302 2513 512 2612 praeterire
539 2535 624 2588 non
649 2511 790 2600 libeat,
825 2507 951 2584 Gades
971 2504 1052 2582 fre·

44 2650 118 2716 lum
133 2641 322 2745 adtingit3
357 2668 481 2744 eaque
499 2642 664 2744 angullo
683 2643 820 2746 spatio,
846 2661 898 2732 et,
919 2643 1050 2718 veluti

44 2767 213 2868 flumine,
245 2805 266 2853 a
287 2781 507 2856 continenti
527 2776 699 2868 abscilla,
728 2803 806 2878 qua
824 2777 937 2854 terris
955 2801 1049 2878 pro·

44 2907 120 3002 pior
140 2911 214 3003 est,
243 2939 367 3015 paene
386 2930 532 2992 rectam
549 2915 676 3014 ripam
694 2914 793 3014 agit:
830 2936 908 3012 qua
926 2915 1047 2988 Ocea·

43 3061 127 3117 num
151 3043 317 3148 spectet,
352 3049 510 3158 {luobus
533 3049 819 3148 promontoriis
842 3063 977 3122 evecta
999 3047 1045 3124 in

44 3171 163 3268 ultum,
189 3181 370 3261 medium
393 3184 489 3258 litus
514 3181 686 3273 abducit,
710 3197 748 3257 et
764 3179 902 3258 sertin
919 3182 1043 3260 altero

45 3329 155 3392 cornu
187 3315 368 3394 eiusdem
411 3317 588 3394 nominis
626 3317 765 3394 urbem
800 3317 1044 3417 opulentam,

44 3439 79 3516 iu
97 3447 214 3528 altero
238 3451 435 3553 templum
456 3453 642 3551 Aegyptii
666 3451 866 3540 Herculis,
904 3451 1043 3529 condi·

43 3580 202 3680 toribus,
229 3586 442 3686 religione,
471 3584 681 3674 vetustate,
716 3586 860 3686 opibus
878 3585 1041 3662 illustre.

45 3711 145 3810 Tyrii
167 3717 424 3798 constituere:
465 3745 538 3798 cur
559 3718 733 3798 sanctum
752 3719 818 3810 fit,
855 3717 931 3797 olla
955 3723 1042 3798 eius

43 3841 91 3918 ibi
108 3847 172 3928 fita
194 3851 392 3932 efficiunt:
442 3879 660 3944 annorum,
695 3857 785 3954 quis
811 3868 944 3930 manet
964 3880 1042 3931 nu·

43 3997 177 4082 merus,
219 3988 268 4070 ab
296 3989 413 4068 Iliaca
448 3985 672 4093 tempestate
700 3990 896 4093 principis
924 3985 1039 4068 lunt:
