2816 4920
169 433 228 492 os
263 433 378 497 stra
413 433 558 497 orara
591 433 683 494 ιιιι.
713 437 753 496 ιι
797 437 830 498 c.
852 439 908 496 ιιι.
1010 448 1053 513 53

56 605 331 684 AMacedonia
372 607 502 708 prima
550 604 606 682 est
644 603 858 698 Thellalia,
906 606 1091 700 deindea

4 740 240 894 Magnelia,
284 741 496 832 Phthiotis,
537 743 673 832 Doris,
708 745 858 831 Locris,
898 743 1054 835 Phocis,

4 827 199 967 lBoeotis,
225 877 369 968 Atthis,
397 878 592 978 Megaris,
627 875 696 954 led
716 879 902 956 omnium
922 879 1054 957 Atthis

55 1009 246 1090 oluillima:
274 1013 320 1088 in
340 1010 615 1113 Peloponneso
639 1013 817 1115 Argolis,
845 1015 1053 1106 Laconice,

53 1143 228 1237 Mellenia,
250 1145 411 1236 Achaia,
436 1148 531 1237 Elis,
548 1146 734 1224 Arcadia:
764 1149 870 1224 ultra
885 1149 1052 1239 Aetolia,

52 1284 263 1374 Acarnania,
301 1285 462 1386 Epiros,
501 1285 701 1384 usquein
729 1283 929 1362 Hadriam.
985 1289 1051 1362 De

51 1411 131 1492 locis
152 1433 268 1518 atque
295 1417 484 1509 urbibus,
524 1443 626 1521 quae
653 1443 760 1494 mare
792 1445 878 1495 non
910 1417 1051 1511 adluit,

50 1546 128 1624 haec
150 1555 318 1628 maxime
348 1553 606 1632 memoranda
632 1552 747 1630 sunt:
790 1554 836 1629 in
857 1551 1051 1630 Theffalia

49 1681 188 1778 Larilla‚
214 1688 431 1790 aliquando
447 1691 595 1767 Iolcos:
630 1689 675 1764 in
689 1685 889 1789 Magnefia
904 1689 1051 1765 Antro-

48 1821 122 1896 nia:
147 1823 190 1901 in
209 1822 442 1898 Phthiotide
459 1823 624 1900 Phthia:
656 1825 701 1898 in
724 1820 879 1899 Doride
897 1823 1051 1901 Pindus

48 1951 102 2058 [et
127 1959 235 2035 iuxta
264 1955 332 2034 [ita
366 1955 585 2063 Erineusz]
630 1959 676 2034 in
706 1956 878 2035 Locride
911 1960 1049 2060 Cynos

48 2105 79 2165 et
91 2093 296 2170 Calliaros:
324 2093 368 2168 in
383 2091 559 2169 Phocide
571 2093 736 2195 Delphi,
765 2109 804 2169 et
820 2117 937 2170 mons
957 2095 1049 2168 Par·

46 2225 158 2320 nasos,
197 2242 239 2306 et
262 2228 460 2331 Apollinis
493 2225 633 2305 fanum
666 2245 784 2327 atque
815 2228 1046 2306 oraculum:

46 2361 247 2441 inlloeotia
262 2363 442 2451 Thebae,
476 2377 517 2438 et
531 2361 770 2454 Cithaeron,
797 2361 944 2440 fabulis
964 2387 1049 2438 car-

44 2499 284 2600 minibusque
313 2497 548 2574 celebratus:
599 2497 645 2572 in
677 2495 1047 2586 Atthidoauleufin,

45 2632 161 2710 Cereri
184 2630 425 2722 consecrata,
463 2647 504 2708 et
528 2632 734 2722 clariores,
769 2657 890 2733 quam
911 2647 960 2708 ut
983 2633 1048 2706 in-

46 2765 150 2844 dicari
172 2784 333 2871 egeant,
361 2767 559 2844 Athenae:
605 2769 651 2844 in
676 2765 902 2868 Megaride,
937 2763 1049 2842 unde

43 2905 182 3005 regioni
206 2927 358 2982 nomen
385 2899 459 2991 est,
494 2905 676 3003 Megara:
718 2916 763 2978 ut
788 2902 833 2976 in
856 2897 1048 3002 Argolide

43 3043 169 3141 Argos,
198 3053 240 3114 et
254 3041 470 3139 Mycenae,
498 3053 538 3112 et
553 3037 750 3138 templum
771 3037 951 3125 Iunonis,
972 3039 1049 3112 've-

44 3171 166 3251 tustate
195 3189 237 3250 et
263 3173 458 3273 religione
487 3171 733 3274 percelebre:
775 3173 821 3248 in
847 3169 1049 3247 Laconide

43 3309 265 3412 Therapne,
309 3307 607 3397 Lacedaemon,
667 3307 883 3406 Amyclae,
931 3329 1050 3383 mons

42 3447 252 3547 Taygetus:
288 3445 334 3519 in
355 3438 556 3534 Mellenia,
583 3437 758 3520 Mellene
775 3457 814 3517 et
830 3441 1048 3520 Methone:

42 3576 78 3654 iu
98 3579 242 3656 Achaia
267 3593 383 3679 atque
406 3575 522 3654 Elide
554 3574 759 3678 qnondam
783 3573 891 3654 Pisae
918 3579 1052 3652 Oeno·

42 3717 128 3806 mai,
154 3715 240 3792 Elis
256 3715 374 3790 etiam
394 3737 524 3802 nunc,
552 3711 850 3811 delubrumque
868 3709 1051 3810 Olympii

41 3850 154 3943 lovis,
190 3849 403 3925 certamine
426 3849 616 3952 gymnico
640 3863 679 3923 et
700 3845 888 3948 singulari
910 3845 1051 3920 lancti·

41 3997 127 4076 ute,
169 3981 259 4087 ipso
298 3981 464 4084 quidem
504 3999 637 4060 tamen
672 3980 879 4060 simulacro
911 3977 1052 4081 (quod

41 4118 193 4196 Phidiae
214 4141 317 4219 opus
337 4115 417 4220 att)
443 4121 613 4198 maxime
638 4118 787 4196 nobile.
843 4113 1085 4198 Arcadiamo
1187 4201 1190 4208 ¹

83 4273 181 4352 Pomp.
205 4271 301 4336 mou.
717 4271 743 4322 0
