2856 4926
450 395 731 458 snanrfflo.
1073 419 1097 462 v

67 573 178 688 pisae
196 569 349 669 quidem
375 583 419 642 at
442 583 547 671 certa
569 567 658 672 lege
684 583 923 674 regerentur,
947 572 987 644 in
1012 595 1098 646 can·

55 767 186 880 filium
210 764 414 846 adhibendi
434 779 547 842 erant
568 745 742 844 auctores
764 784 932 861 veteres,
962 775 1030 872 qai
1051 771 1099 846 de

6 999 8 1008 ’
63 965 285 1076 regionibus
313 983 352 1040 et
386 963 477 1041 locis
502 963 570 1042 ael
600 965 696 1042 data
732 993 854 1066 opera
885 973 1101 1044 accuratius

63 1161 342 1275 exposueram,
389 1164 456 1242 ael
489 1188 565 1262 per
601 1191 808 1242 connexum
835 1166 1002 1242 aliarum
1040 1191 1101 1240 re-

63 1391 149 1440 rum
180 1380 218 1439 et
253 1357 365 1472 quast
397 1346 626 1470 intransitu
653 1363 786 1462 aliqua
815 1357 1099 1473 adspersemnt.

62 1563 263 1641 Audiendi
297 1561 459 1658 denique
499 1575 611 1634 erant
646 1563 726 1636 viri
760 1563 917 1649 eruditi,
962 1566 1029 1660 qui
1063 1567 1102 1636 ia

62 1759 298 1836 ermnclando
324 1773 363 1832 et
386 1750 619 1862 restituendo
644 1754 758 1832 Mela
777 1749 1024 1865 desudarunt,
1052 1785 1103 1837 ex

65 1985 228 2056 qnorztm
268 1961 432 2032 amnium
463 1961 746 2056 comparatione
774 1983 823 2032 ea
857 1961 1103 2058 exquireren-

65 2173 130 2231 tur
173 2173 212 2230 et
257 2155 536 2244 iudicarentur,
583 2179 683 2254 quae
716 2155 773 2230 ad
810 2150 1102 2262 instaurandam

68 2355 202 2431 Melae
240 2359 501 2459 integritatem
533 2351 774 2454 aliquatenus
807 2353 992 2432 ualerent.
1051 2359 1102 2432 In

67 2548 202 2650 quibus
246 2551 397 2650 quidem
433 2551 652 2656 digerendis
685 2566 724 2626 et
767 2553 1104 2641 accommodandis,

59 2744 203 2855 fiqua
224 2773 367 2845 parum
394 2753 498 2825 canit
522 2753 686 2870 incuria,
712 2750 780 2828 vel
801 2755 997 2856 graviora
1023 2775 1105 2824 mu·

71 2951 170 3020 neris
205 2952 364 3051 negotia
392 2947 701 3046 interpellarunt,
741 2947 808 3025 acl
841 2940 1004 3056 somnus
1035 2961 1105 3022 aut

72 3145 240 3219 taedium
257 3137 443 3250 fatigata
471 3140 655 3253 obrepfit‚
681 3147 766 3233 nel,
791 3139 834 3254 fi
859 3145 954 3243 quid
973 3146 1106 3220 darius

72 3337 207 3430 tabes,
253 3341 494 3446 negligentia
534 3341 655 3418 multa
685 3333 845 3452 effudit,
892 3339 1106 3424 humaniter
1237 3433 1240 3442 Δ

77 3539 134 3628 id,
169 3565 293 3638 aeque
318 3538 453 3628 lector,
493 3531 650 3648 excuſsis
684 3539 751 3618 ael
782 3539 916 3614 leniter
943 3567 1104 3618 moneas.

6 3829 7 3834 Ἰ
77 3737 144 3811 Sin
155 3761 253 3812 aero
276 3739 331 3811 ad
350 3742 492 3814 ueteris
521 3735 809 3843 Geograpltiae‚
832 3763 881 3814 cx
903 3731 993 3847 ipsis
1007 3731 1109 3844 fon·

6 3905 10 4002 l
75 3929 174 4009 tibus
196 3930 377 4042 haustae,
413 3929 523 4045 asum
541 3935 661 4034 plura
683 3931 895 4044 transferri
919 3927 1031 4048 paffe
1054 3939 1109 4009 in·
1186 3987 1192 4000 .

77 4131 279 4224 tellexeris,
307 4137 352 4212 iis
374 4139 436 4228 ¹ita
465 4139 606 4226 utaris,
644 4135 772 4213 atad
804 4125 1110 4244 compensarnios,
