2856 4926
458 378 555 438 ctl’.
595 379 703 442 ΠΗ.
962 393 1097 442 nxxrrr

16 587 17 592 ¹
77 565 155 636 uit,
176 563 210 638 4,
232 567 265 633 5.
288 555 381 636 pieta
403 569 471 644 pro
495 552 604 626 dictae
635 555 666 632 §.
691 569 726 638 9.
757 568 939 643 percepto
967 561 1098 632 petroee

79 691 105 758 5,
126 687 157 760 4.
179 667 316 768 fifeeiie
334 693 402 766 pro
417 667 541 768 seriem·
576 690 610 756 5,
633 687 668 755 8,
694 691 725 738 1.
743 666 888 766 sonitum
906 663 1099 763 fredrieent

76 815 131 886 pro
147 790 287 890 sontium
306 789 500 890 fabricent,
527 790 679 886 aliaque.
738 787 887 885 Accepit
906 785 1099 860 Hermolai

76 913 328 984 emendationes
343 911 383 982 in
398 913 497 984 notia
512 906 723 1008 propositas,
749 907 812 982 etii
828 907 955 981 vitiata
971 906 1099 1006 peffim

76 1031 248 1128 scripturn5
279 1050 440 1104 attamen
461 1030 571 1104 etiam
588 1032 628 1102 in
647 1029 840 1104 nonnullis
856 1030 1006 1103 recedit.
1039 1031 1099 1104 Sic

77 1178 104 1240 n,
117 1159 146 1224 6.
160 1152 182 1224 f.
195 1155 420 1256 ¹Hermolaus
434 1153 650 1225 emendabat
665 1151 917 1252 cingentefretv·
940 1151 1007 1226 ubi
1021 1169 1100 1227 tex·

75 1275 282 1352 intereant
297 1293 486 1375 acceptum
504 1299 641 1352 nomen
663 1281 934 1368 cingenteratum.

350 1493 595 1567 Bononiae
624 1509 733 1586 1497.
766 1507 803 1583 4.

134 1651 170 1724 P.
191 1649 250 1719 M.
273 1685 324 1702 -
357 1645 404 1716 ad
436 1645 592 1716 calcem:
635 1643 813 1742 impreffiem
847 1651 1013 1716 Bononiae
1044 1671 1103 1734 pn·

72 1772 263 1838 Boeeclietnm
292 1773 445 1836 Hectoris
474 1771 546 1837 bon.
575 1777 668 1838 Anno
693 1773 834 1836 Domini
857 1771 995 1858 Mum
1020 1773 1099 1840 En.

72 1893 222 1960 Decemdr.
239 1895 291 1959 Io.
308 1894 478 1958 Bentiooio
488 1885 634 1985 feliciter
651 1907 813 1977 regnante.
848 1888 990 1960 Iudicat
1005 1891 1101 1964 hano

70 2009 259 2084 editionem
280 2009 397 2081 uenis
419 2007 460 2078 in
486 2007 736 2103 supplemento
756 2009 889 2082 Annal.
912 2016 1102 2110 Typogra·

71 2130 152 2224 phict
175 2129 371 2203 Meiuairii
393 2134 431 2201 P.
452 2152 483 2202 ι.
504 2153 584 2227 pag.
601 2149 687 2221 431.
739 2139 788 2204 At
811 2133 913 2204 nulla
937 2129 986 2206 est
1013 2135 1102 2208 hoec

71 2251 179 2324 editio.
224 2257 386 2348 Nempe,
415 2250 515 2345 quod
537 2248 655 2346 postea
675 2255 733 2328 vir
753 2253 883 2326 doctus
908 2278 1005 2326 ame
1021 2279 1102 2328 mo·

70 2370 156 2448 num
175 2372 296 2445 literis
316 2369 550 2468 [ignificavit.
576 2373 752 2470 adpensus
776 2391 852 2446 erat
868 2379 989 2448 Melae
1005 2379 1101 2450 alius

69 2493 165 2582 liber,
195 2495 320 2590 primo
340 2490 480 2565 intuitu
502 2495 709 2591 neglectus,
736 2513 889 2592 uterque
904 2521 981 2570 uno
995 2499 1103 2570 volu·

70 2611 158 2690 nine
188 2613 488 2710 comprehensus,
529 2616 576 2686 ad
614 2619 718 2690 cuius
755 2617 906 2688 initium
944 2618 1103 2712 pertinet

69 2741 101 2810 P.
115 2740 233 2826 Mela,
261 2738 306 2808 ad
323 2735 436 2809 finem
453 2737 591 2833 relique
607 2738 729 2810 verba.
768 2736 878 2836 Quod
895 2761 980 2808 cum
996 2739 1104 2834 igno·

68 2857 158 2931 radet
183 2866 386 2946 Panzerus,
419 2858 514 2930 hanc
540 2858 743 2932 editionem
775 2857 863 2932 inde
891 2857 1038 2957 repetiit
1060 2859 1102 2935 in

15 2959 16 2966 i
70 2983 178 3054 annal.
194 2999 343 3078 typogr.
358 2987 402 3052 Τ.
421 3003 451 3050 1.
467 3005 501 3074 p.
520 2997 605 3071 234.

254 3218 312 3268 ια.
374 3195 697 3272 Salmanticae
728 3211 834 3290 1498.
869 3211 907 3291 4.

137 3357 179 3419 P.
190 3354 301 3418 Meloe
316 3346 550 3446 cosmographi
563 3351 679 3447 defitn
693 3355 775 3422 ordis
789 3355 860 3420 iibri
874 3369 948 3421 ten.
972 3349 1031 3425 Ad
1043 3375 1104 3426 ox·

15 3511 16 3514 π
69 3483 222 3540 tremum
244 3469 332 3540 hoec
353 3470 549 3565 leguntur:
586 3475 679 3558 Opus
694 3473 971 3571 praeclariffinnm
987 3481 1104 3564 Pomp.

71 3599 167 3660 Meloe
192 3586 428 3689 Cosmogropiti
450 3618 520 3659 cum
541 3594 827 3662 introductionibus
847 3611 880 3661 et
900 3600 974 3664 aliis
997 3611 1105 3670 tantat-

70 3735 134 3800 pere
149 3709 330 3808 necffzriir
346 3739 402 3799 per
423 3708 627 3811 Franciscum
649 3710 769 3786 Nur'ris
789 3717 875 3782 dein
894 3721 1009 3796 bron,
1034 3723 1105 3788 Me·

73 3839 189 3904 donae
208 3831 437 3931 Profefforem,
461 3837 643 3903 elaboratis.
684 3840 834 3922 Enpiieit
847 3833 1001 3934 feliciter.
1040 3844 1106 3904 Im·

71 3957 200 4054 preffinn
221 3981 297 4024 vero
318 3961 533 4024 salmanticae
556 3959 667 4048 (eninr
689 3961 753 4024 ioci
770 3962 930 4044 therentio
950 3961 992 4026 ab
1016 3959 1105 4028 oeci

72 4081 155 4149 done
179 4083 236 4151 IX
266 4095 299 4146 et
323 4079 365 4146 ab
395 4082 621 4168 aequinoctiali
651 4080 739 4150 xm
769 4081 923 4168 eraditus
955 4079 1105 4180 conlinit)
