2888 4926
337 383 380 446 5⁰
625 367 783 426 rnunx
823 367 1095 430 vrnnonun

381 540 545 596 loromret
566 545 684 603 ΜΛ.
720 553 791 608 qnos
812 537 860 593 ris
879 551 908 594 et
927 537 1025 594 seditio
1046 537 1358 618 exdndroiniuhers

380 637 473 702 gerit.
495 625 553 676 i-e.
571 621 715 694 expulerat
735 641 760 681 ι.
780 631 871 689 152.

340 712 474 782 arrigunt.
495 704 595 782 exigue
611 723 671 779 pars
689 703 747 758 diei
761 721 789 774 5.
800 705 828 768 6.
837 705 866 762 6.
894 707 979 782 speria
995 721 1023 768 ε.
1038 705 1068 768 6.
1081 719 1109 777 5.
1137 709 1212 764 Atax
1226 707 1297 784 (fl.)
1312 709 1360 764 exi·

383 810 457 870 gnus
473 787 615 860 viduaque
634 805 660 848 2.
675 801 704 854 5.
720 788 749 844 6.

342 877 440 936 exitu.-
470 872 558 927 Padus
576 871 747 944 aliquetenus
768 871 848 928 exilis
868 893 899 929 ae
923 893 1012 930 maeer
1036 889 1065 936 2.
1085 883 1115 947 4.
1136 885 1167 948 4.
1211 895 1268 951 quo
1286 877 1360 955 megin

385 959 486 1036 surgit.
507 975 540 1010 eo
557 955 660 1012 exilior
675 956 751 1012 Atlas
768 971 797 1026 5.
818 976 863 1019 ro.
884 979 909 1013 ι.

344 1047 457 1104 estisne.-
479 1056 613 1115 quonium
630 1040 765 1096 incolitur
779 1040 923 1116 (Africa).
945 1045 1047 1098 eximie
1063 1042 1161 1098 senilis
1179 1065 1205 1106 ι,
1221 1053 1249 1116 4.
1264 1059 1290 1100 α.
1315 1043 1361 1098 exi·

388 1127 444 1182 mie
459 1123 556 1180 colunt
577 1125 849 1197 (permananter)
873 1130 890 1180 i.
906 1149 930 1182 s.
947 1143 1104 1183 venerentur
1122 1149 1146 1189 r.
1163 1141 1191 1198 5.
1206 1143 1234 1183 2.

345 1215 474 1270 exirniusr
500 1209 603 1262 eximia
623 1214 716 1264 Aenos
738 1211 842 1277 (urbs)
859 1225 887 1271 2.
904 1225 933 1273 2.
950 1223 978 1280 3.
1014 1226 1114 1268 votum
1138 1213 1236 1268 bebere
1251 1231 1275 1274 2.
1296 1219 1362 1285 2.4·

388 1297 479 1369 specus
502 1314 525 1354 s,
548 1307 593 1359 15.
610 1307 637 1360 5.
680 1293 763 1349 funus
782 1293 811 1346 id
832 1295 871 1350 eis
887 1295 923 1350 en
940 1309 967 1363 5.
984 1307 1014 1363 5.
1032 1313 1059 1352 α.
1102 1299 1176 1370 apud
1198 1317 1242 1352 eos
1263 1297 1363 1351 habetur

389 1379 509 1432 eximius
529 1377 584 1448 (ds
599 1377 721 1447 tramine)
739 1391 767 1438 2.
781 1397 806 1439 r.
819 1396 866 1433 ια.
903 1379 1050 1434 hominum
1065 1399 1153 1458 genus
1167 1381 1201 1436 sd
1215 1380 1280 1436 belli
1293 1380 1364 1456 purir-

387 1481 442 1536 qne
457 1462 552 1516 munia
569 1461 704 1515 eximium
725 1482 749 1522 r.
768 1477 812 1521 ια,
829 1481 855 1515 r.

346 1549 480 1607 eximere:
502 1561 646 1600 exemtum
664 1547 822 1621 sangninem
844 1552 901 1616 (ess
915 1546 1086 1614 vulneribus)
1103 1546 1243 1626 degussere
1257 1564 1282 1607 Β.
1293 1566 1316 1607 ι.
1327 1558 1365 1600 ¹⁸·

347 1635 430 1693 eruin.-
452 1630 517 1685 exin
534 1633 630 1686 Ancon
647 1645 673 1692 α,
689 1640 719 1703 4.
734 1643 762 1698 5.
800 1629 843 1705 Cf.
862 1629 961 1704 derisu
976 1637 1047 1686 uocis
1062 1635 1096 1686 11.
1115 1647 1142 1688 2.
1159 1655 1188 1708 p.
1206 1648 1270 1686 sno.

348 1718 441 1778 exire:
473 1714 507 1768 ds
522 1715 617 1786 fluviis
638 1715 750 1775 dicitur.
779 1730 808 1768 ut
830 1713 946 1788 Cydnus
967 1734 1017 1788 per
1033 1717 1145 1770 Tarium
1168 1719 1226 1771 exit
1246 1735 1269 1776 r.
1290 1729 1364 1782 151.

265 1829 269 1836 ·
390 1799 447 1853 hnc
467 1797 629 1852 Scamander
648 1799 708 1852 exit
733 1819 757 1858 1.
784 1807 830 1868 ιδ,
851 1791 879 1866 5.
920 1817 969 1872 per
984 1799 1041 1854 duo
1060 1799 1123 1854 ostiu
1145 1803 1205 1855 exit
1226 1803 1327 1856 Merrns
1344 1809 1366 1850 at

390 1884 451 1937 lvii
475 1896 502 1949 5.
528 1903 553 1942 r.
576 1899 604 1955 9.
647 1901 770 1954 quonam
798 1897 877 1937 exert
900 1883 1063 1949 (Nuchui).
1098 1885 1237 1940 incertum
1257 1897 1283 1951 5.
1303 1888 1365 1955 908·

389 1985 444 2040 qua
460 1965 519 2018 exit
533 1968 608 2038 Tyra
627 1982 654 2028 2.
672 1987 696 2027 ι.
715 1981 743 2032 7.
775 1967 861 2022 Indua
874 1965 982 2022 duobus
997 1969 1069 2024 ostiis
1083 1969 1142 2022 exit
1157 1985 1187 2038 5.
1204 1983 1230 2035 7.
1244 1968 1270 2023 6.
1297 1967 1366 2022 Oxus

391 2065 419 2105 et
435 2053 555 2102 Iaxartes
569 2050 599 2104 in
615 2049 775 2123 Scythicum
790 2053 878 2106 linum
894 2068 997 2105 exeunt
1012 2067 1040 2118 5.
1056 2065 1084 2120 5.
1100 2051 1129 2107 6.
1169 2053 1275 2109 duobus
1294 2047 1366 2103 alveis

390 2133 422 2188 in
440 2133 569 2206 Caspium
592 2131 698 2210 (finum
713 2133 824 2210 Gafius)
845 2149 872 2202 5.
895 2147 924 2202 5,
943 2145 972 2208 4.
1009 2135 1165 2211 Euphrates
1181 2157 1235 2193 non
1253 2135 1307 2192 exit
1320 2148 1366 2185 nu·

392 2229 464 2276 tum.
486 2215 559 2270 unde
574 2219 665 2272 oritur
678 2218 726 2287 (de
740 2219 794 2274 leni
811 2216 899 2293 lapsu.
919 2241 967 2292 per
982 2224 1094 2294 nexum)
1110 2221 1151 2275 [ed
1171 2238 1199 2277 et
1215 2251 1253 2265 -
1267 2235 1292 2288 5.
1306 2226 1365 2287 διό·

392 2301 517 2354 emnium
539 2299 570 2354 in
598 2299 664 2354 aliae
685 2316 780 2380 gentes
801 2305 981 2366 exeuntium,
1010 2304 1160 2360 Danubius
1182 2323 1210 2361 et
1236 2303 1366 2361 Rhodanus

394 2397 424 2452 5.
446 2397 473 2450 5.
497 2397 526 2452 5.
569 2383 668 2439 uenalis
703 2385 842 2464 rngufiior
867 2386 973 2440 exituri
999 2388 1029 2442 in
1059 2392 1180 2445 Pontum
1209 2385 1367 2456 (Euxinum)

390 2466 483 2546 pelugi
502 2485 526 2528 r.
548 2487 594 2544 19.
611 2481 638 2537 5.
676 2470 746 2526 Tum
764 2469 799 2524 de
821 2473 887 2524 mari
909 2486 936 2524 et
958 2476 1143 2546 nauigatione.
1173 2492 1204 2530 ut
1223 2474 1302 2528 artius
1318 2467 1366 2522 exit

391 2553 423 2608 in
444 2551 560 2627 spatium
580 2555 635 2626 (de
658 2554 779 2627 Bosporo
808 2553 943 2620 Thracio)
969 2575 994 2616 r.
1018 2576 1043 2616 a.
1063 2565 1093 2628 4.
1133 2576 1205 2630 quae
1220 2551 1365 2611 exeuntibus

392 2636 452 2708 (ex
473 2633 551 2710 freto
575 2634 736 2704 Gaditano)
756 2634 853 2691 dextra
875 2639 937 2692 [unt
955 2652 982 2706 5.
1005 2659 1028 2699 1.
1049 2653 1077 2707 5.
1128 2660 1192 2696 eum
1217 2659 1264 2716 per
1288 2633 1366 2692 oceani

395 2719 496 2798 ostium
512 2722 609 2776 exiffet
626 2735 654 2790 5.
671 2739 700 2796 9.
715 2735 744 2789 5.
787 2722 908 2798 Denique
929 2727 1033 2777 omnino
1049 2725 1082 2777 de
1098 2723 1283 2802 progreffionis
1298 2725 1367 2776 cuius·

393 2805 458 2862 liber
483 2806 557 2878 fine.
586 2822 616 2860 ur
636 2819 710 2860 recta
731 2823 794 2866 ora.
821 2806 870 2858 nisi
894 2805 982 2859 medio
1001 2807 1088 2862 ferme
1105 2809 1136 2862 in
1158 2805 1367 2885 promontorium

391 2889 451 2944 exit
472 2903 500 2950 2.
521 2905 548 2952 Β,
571 2903 600 2958 5.
643 2892 752 2944 Taurus
766 2889 825 2943 exit
839 2889 868 2942 in
885 2889 997 2966 pelagus
1017 2911 1040 2951 ι.
1058 2903 1104 2959 15.
1121 2911 1148 2949 n.
1194 2893 1256 2948 indi
1274 2886 1367 2945 emend·

391 2990 464 3046 quae
499 2973 668 3037 intererant.
710 2971 821 3028 tandem
860 2973 890 3026 in
927 2974 1091 3031 Germaniae
1130 2975 1216 3034 litore
1257 2975 1368 3031 exieriut

350 3135 521 3214 existimare:
548 3143 667 3200 Antros.
696 3159 778 3213 quam
807 3139 904 3195 adtolli
932 3141 1010 3214 aquis
1037 3142 1250 3200 increscentibus
1279 3135 1368 3194 incolae

393 3236 493 3296 putant
512 3237 540 3290 5.
562 3241 589 3285 2.
611 3223 640 3278 6.
676 3223 730 3278 Pro
749 3243 782 3279 eo
804 3223 898 3301 paffim
909 3223 1036 3298 scribitur
1050 3229 1194 3284 extimare.
1222 3225 1284 3288 vol.
1299 3226 1329 3278 ll·
1344 3233 1367 3287 ὅ·

350 3393 457 3452 arsinus.
487 3389 575 3444 imnis
595 3409 621 3451 r.
637 3405 685 3459 17.
703 3409 728 3446 ι.
766 3391 922 3446 manifestus
942 3391 1091 3467 Euphratis
1106 3409 1134 3461 5.
1148 3405 1178 3465 8.
1192 3407 1221 3462 5.

350 3473 509 3536 exordium.-
531 3487 613 3550 capnt
633 3489 715 3548 atque
736 3475 883 3532 exordium
904 3475 1133 3547 (Mauretaniae)
1157 3471 1367 3554 promontorium

397 3577 422 3619 ¹2
444 3569 473 3625 5ο
498 3577 523 3617 Ῑι
722 3569 724 3574 ¹

350 3644 468 3705 moriri.-
495 3637 642 3696 Danubius
663 3639 734 3703 alio.
764 3659 846 3715 quarn
862 3642 972 3705 definit.
1000 3643 1113 3700 nomine
1127 3647 1255 3700 exoritur
1268 3658 1293 3702 2.
1308 3659 1330 3700 ι.
1342 3643 1366 3704 8·

392 3725 481 3782 Padus
501 3744 516 3777 a
537 3723 675 3778 radicibus
699 3725 795 3792 Veiuli
816 3727 918 3782 montis
943 3744 1055 3784 exortus
1074 3747 1101 3788 α.
1120 3739 1150 3800 4.
1171 3740 1200 3803 4.
1242 3727 1321 3782 Indus
1338 3735 1366 3772 ex

392 3823 487 3866 monta
501 3810 673 3883 Paropamiio
687 3823 801 3864 exortus
815 3825 843 3878 5.
860 3825 886 3878 7.
902 3811 931 3867 6.
967 3833 1003 3867 ex
1016 3831 1074 3868 uno
1086 3813 1164 3869 fonte
1178 3813 1301 3894 geminus
1313 3819 1367 3860 αθ·

392 3894 468 3950 :itur
485 3908 512 3954 2.
535 3913 559 3955 ι,
576 3904 603 3960 5.
639 3892 766 3966 qnotidie
781 3893 819 3948 [ol
833 3897 961 3950 exoritur
977 3911 1005 3964 5.
1021 3911 1050 3966 5.
1069 3917 1095 3957 ι.

349 3997 499 4039 womarus
528 3994 589 4030 aere
611 3992 780 4031 exornantur
798 3992 825 4045 5.
844 3997 872 4053 9.
893 4000 918 4034 a.

348 4063 519 4137 mma·
545 4063 605 4118 Asu
620 4061 787 4144 “prndium
807 4082 832 4124 r.
849 4079 877 4126 n.
897 4083 923 4125 ι.
952 4061 1041 4122 Gellia
1055 4063 1142 4146 longo
1159 4078 1246 4122 tractu
1259 4059 1290 4117 ad
1305 4055 1367 4131 rip!⁸
1396 4139 1400 4148 1
