2856 4926
335 441 467 494 xxxxv
588 423 652 484 on
692 405 961 485 rourouro
1003 427 1138 488 unni

720 553 811 666 cit
843 598 884 666 Ρ.
934 597 1003 669 vt

497 785 570 836 DE
623 785 821 836 FORMA
866 787 1223 841 ORATIONIS·

388 949 491 1024 Hinc
506 972 606 1037 vero,
622 945 662 1020 in
678 949 784 1021 tenui
797 947 887 1022 licet
900 973 1044 1047 campo,
1058 949 1252 1048 largiffima
1266 949 1375 1028 meffir

338 1072 529 1168 obiicitur,
562 1093 609 1140 ex
636 1093 725 1167 qua,
758 1066 882 1142 finon
907 1069 1034 1144 omnia
1055 1095 1160 1146 avare
1182 1076 1375 1166 corradere,

336 1215 375 1268 at
395 1192 537 1291 potiora
560 1189 779 1288 diligentius
807 1215 996 1290 excerpere
1017 1192 1137 1266 liceat.
1188 1195 1262 1292 Qui
1283 1197 1376 1268 enim

335 1317 479 1392 Melam
509 1311 704 1408 aliquoties
733 1313 904 1386 manibus
932 1313 1108 1406 versavit,
1142 1317 1375 1414 animumque

337 1438 530 1510 adtentum
564 1431 611 1504 ad
642 1433 721 1507 eiua
756 1433 954 1506 lectionem
986 1435 1143 1526 adtulit,
1180 1435 1304 1528 facile,
1338 1436 1376 1510 ni

336 1559 464 1645 fallor,
497 1554 692 1653 cognovit,
725 1556 845 1628 multa
874 1553 1001 1647 ineffe,
1033 1581 1125 1656 quae
1145 1583 1232 1633 eum
1252 1559 1292 1631 in
1311 1560 1376 1630 hoo

335 1679 487 1779 quidem
506 1677 568 1752 vel
590 1674 701 1752 simili
724 1675 917 1775 scripturae
944 1701 1078 1778 genere
1099 1680 1144 1753 nb
1172 1679 1255 1752 aliia
1275 1678 1376 1752 lecer-

334 1821 428 1877 nant
458 1817 496 1872 et
525 1795 700 1896 lingulati
732 1799 953 1871 elocutionis
993 1797 1113 1874 forma
1147 1797 1373 1900 distinguant.

336 1923 447 2023 Quod
472 1945 558 1994 eum
586 1919 664 2016 ipso
686 1919 753 1992 usu
775 1919 949 2018 sensuque
974 1923 1109 1996 melius
1140 1923 1375 2022 intelligatur,

334 2045 386 2117 ita
401 2041 546 2114 dietum
560 2041 693 2128 velim,
719 2055 763 2112 ut
777 2040 823 2113 de
837 2039 1010 2142 lingulis,
1041 2041 1155 2118 neubi
1174 2044 1271 2143 apud
1289 2043 1376 2118 alios

334 2160 578 2262 reperiantur,
604 2161 761 2236 minime
780 2165 1014 2238 contendam

415 2398 511 2469 Sunt
539 2411 663 2468 autem
694 2395 860 2494 primum
891 2395 1001 2470 verba
1030 2391 1154 2471 Nostri
1181 2397 1242 2469 vel
1271 2399 1376 2496 plane

333 2517 499 2616 propria,
541 2519 603 2590 vel
634 2519 785 2590 antehae
817 2517 858 2591 in
884 2517 995 2591 bonis
1025 2541 1137 2616 aeque
1169 2519 1376 2594 auctoribus

331 2663 534 2738 nusquam,
569 2657 633 2710 aut
661 2639 778 2710 rarius
804 2637 931 2728 obvia,
965 2638 1006 2717 in
1035 2663 1197 2737 quorum
1222 2665 1376 2714 numero

331 2762 504 2860 ponenda
521 2759 678 2834 arbitror
691 2763 797 2832 haec:
824 2761 854 2850 ¹)
869 2764 981 2849 brevis,
1003 2759 1187 2853 (vadosus)
1213 2761 1244 2850 ²)
1260 2771 1375 2832 cincto·

333 2893 425 2964 νίιιιη,
451 2883 481 2970 ³)
496 2891 707 2972 tranriugare,
734 2875 781 2972 31’)
802 2888 965 2969 innavigo,
999 2880 1048 2970 ³⁰)
1064 2882 1231 2976 amflexus,
1259 2879 1308 2976 ³⁶¹)
1326 2912 1375 2973 ga·

333 3015 490 3083 aerato.
517 3007 549 3096 ⁴)
565 3021 724 3091 pervetus,
751 3001 776 3095 ς)
791 3009 976 3093 penroxius,
1003 2995 1034 3095 ⁶)
1053 2998 1235 3100 persarum,
1259 3001 1291 3098 7)
1309 3031 1375 3094 per·

322 3124 465 3224 fovere,
491 3122 519 3216 Ι)
534 3131 700 3212 penitere.
726 3123 757 3216 ⁹)
771 3129 951 3212 pervirial's.
978 3147 1025 3195 ex
1042 3121 1178 3219 quibus
1195 3124 1375 3220 exemplis

329 3245 494 3344 adparet,
527 3261 751 3350 quantopere
771 3245 974 3320 delectatur
996 3245 1099 3320 Mela
1120 3242 1294 3320 fueritin
1316 3269 1376 3318 au·

375 3497 407 3564 ι)
434 3517 461 3558 1,
487 3513 534 3570 19,
556 3493 585 3552 6.

371 3579 406 3648 2)
430 3596 458 3643 r,
486 3601 512 3643 ι.
540 3593 588 3646 ²5·

371 3664 406 3732 3)
429 3679 457 3726 a,
474 3679 502 3726 2,
523 3683 570 3718 ιο.
595 3661 682 3736 Quod
698 3661 825 3720 verbum

327 3767 389 3804 non
411 3748 521 3822 accepit
544 3749 684 3802 Gesnerua
706 3748 738 3802 in
760 3747 844 3802 the-³

327 3833 410 3887 lauro
426 3833 462 3887 L.
477 3833 512 3888 L.
533 3831 567 3885 in
588 3831 654 3887 aliie
677 3832 764 3886 etiam
787 3850 823 3886 ex

325 3915 405 3972 Mela
430 3915 615 3992 subplendue.
992 3945 1001 3968 ι
1044 3943 1053 3967 »

368 4001 422 4070 εδ)
445 4001 574 4064 2,1.in.
602 3997 741 4074 Agnoscit
755 3997 822 4073 qui·
912 4039 915 4052 .
993 4034 1002 4059 ‚
1044 4035 1053 4058 ,
1098 4035 1108 4054 .

325 4083 393 4140 (lem
421 4086 579 4148 Gelrrerue,
607 4083 655 4140 [erl
675 4084 732 4139 fine
754 4079 820 4139 ido·

323 4187 379 4226 nea
399 4169 578 4227 auctoritate.
