2856 4926
253 408 307 458 tx
511 391 576 456 D!
618 392 886 452 toutomo
929 393 1066 454 ΜΗ

252 576 291 636 et
308 559 488 636 Vaticano
509 559 634 634 codice
655 559 882 658 depromtas3
916 558 1050 657 quibua
1073 578 1117 634 ut
1139 561 1195 635 uti
1217 562 1300 659 pos·

250 685 338 775 sen,
362 679 483 764 diecit
496 681 656 756 officiosi
672 681 854 780 Nyerupii
873 681 1096 757 humanitas.
1133 693 1183 758 At
1199 687 1298 760 ulna

249 825 359 906 eaput
376 811 411 880 6.
429 802 616 884 Fabricius
633 800 836 902 progressus
855 827 933 879 non
949 821 1039 878 erat.

245 1121 248 1127 Ι
323 1029 383 1106 Ad
404 1029 474 1102 hos
496 1026 638 1102 codices
664 1024 880 1101 aceessemnt
900 1025 976 1118 itti,
1009 1051 1104 1124 quos
1125 1045 1210 1102 ante
1230 1051 1295 1104 ma

244 1151 320 1230 viri
348 1149 448 1224 docti
478 1149 714 1246 inspexerunt
741 1148 812 1226 suis
839 1149 932 1223 locis
963 1149 1293 1224 commemorandi.

243 1281 324 1352 Nec
350 1271 547 1350 defuerunt
569 1265 725 1342 subsidia
755 1270 914 1366 plurima
941 1271 1167 1361 editionum,
1201 1295 1293 1368 quas

244 1397 411 1494 undique
432 1387 637 1490 conquisivi
660 1389 834 1490 singulari
853 1392 1013 1468 aliorum
1035 1393 1292 1468 benevolentia

244 1535 418 1615 exceptus
460 1533 496 1587 et
533 1514 697 1601 dotatus,
746 1537 905 1610 quorum
941 1515 1112 1587 omnium
1140 1517 1292 1615 'copiam

243 1654 428 1714 auxerunt
451 1635 706 1709 adnotationes
733 1634 843 1706 etiam
874 1635 1149 1736 manuscriptae,
1175 1656 1219 1714 ut
1242 1661 1291 1716 ex

143 1735 145 1748 Ι
241 1761 320 1864 ipso
342 1757 492 1835 recensu
510 1757 672 1832 subiecto
691 1757 822 1834 clarius
841 1755 1040 1858 adparebit.

603 2078 631 2144 C
665 2079 699 2147 A
730 2077 771 2146 P.
821 2079 941 2149 v111.

291 2264 357 2326 ms
389 2267 727 2320 antrroutaus
762 2269 1017 2321 romeoutt
1050 2251 1235 2336 manans

644 2487 806 2551 Aetas
852 2483 883 2554 Ι.

313 2658 348 2712 1.
386 2639 422 2710 S.
435 2635 463 2707 1.
477 2652 576 2706 anno
597 2647 634 2706 et
654 2629 809 2704 editoris
823 2631 989 2706 nomine.
1040 2639 1141 2708 Haec
1154 2631 1284 2725 editio,

238 2785 352 2862 qnam
366 2751 509 2834 Ernesti
522 2755 562 2828 in
576 2751 733 2828 Fabricii
745 2753 967 2829 bibliothece
980 2755 1112 2830 Latine
1126 2761 1233 2828 Tem.
1246 2779 1283 2830 a.

235 2887 355 2982 1³7⁶·
379 2872 551 2954 omnium
574 2873 877 2974 antiquissimam,
911 2877 1068 2952 certain
1091 2879 1283 2973 principiis

236 3004 326 3080 artis
354 2997 640 3099 typographicae
667 2997 709 3071 in
737 2998 841 3069 Italia
863 2995 997 3071 saetam
1020 2995 1210 3090 existimet,
1239 3000 1283 3075 in

235 3123 414 3200 thesauris
444 3119 687 3191 bibliothecae
707 3119 913 3192 senatoriae
934 3117 1124 3216 Lipsiensis
1146 3123 1284 3222 praeci·

236 3271 356 3350 puum
367 3245 494 3319 locum
506 3255 619 3330 tenet,
637 3261 683 3311 ex
697 3263 779 3336 qua,
796 3239 1162 3332 adnuenteMiillero‚
1187 3241 1283 3319 C'on·

235 3371 312 3444 sule
328 3366 420 3441 olim
437 3363 516 3436 eius
532 3359 705 3451 civitatis,
727 3362 857 3434 multis
867 3363 1081 3436 nominibus
1092 3365 1280 3459 celebrati,

235 3491 394 3568 excitata
407 3485 511 3562 domi
524 3506 627 3556 meae
645 3507 710 3578 per
731 3483 874 3581 aliquot
891 3483 1139 3559 hebdomadas
1157 3490 1281 3564 Melae

234 3609 357 3686 usibus
378 3603 552 3680 inserviit.
601 3607 775 3678 Formam
790 3605 901 3678 hahet
921 3609 1146 3680 octonariam
1163 3611 1282 3683 nraio·

234 3756 334 3830 rem,
360 3752 472 3828 quam
493 3741 646 3814 vocant,
679 3743 717 3799 et
738 3751 830 3824 quae
849 3725 897 3798 ad
917 3729 1184 3824 quaternariam
1202 3730 1280 3805 sere

235 3851 400 3936 accedata
430 3851 591 3924 chartam
612 3845 685 3918 sert
707 3849 901 3946 literaeque
922 3847 1071 3940 nitidas,
1101 3848 1281 3927 scribendi

152 3997 158 4010 ·
235 3991 343 4051 notas
370 3969 530 4044 aliorum
557 3968 743 4041 librorum
777 3968 908 4044 saeculi
930 3991 987 4058 15.
1016 3971 1100 4046 usus
1133 3976 1279 4072 probat.

123 4113 131 4140 ⁸
235 4091 374 4197 omisso
395 4091 509 4168 titulo
532 4085 654 4168 attin
669 4087 801 4190 incipit
820 4092 978 4170 averbie
997 4093 1137 4172 Melae:
1182 4101 1280 4171 Urbis
