2856 4926
488 423 585 483 ΒΗ.
626 425 651 480 1.
1061 437 1089 484 v

121 597 165 666 lt
192 591 299 666 nullo
328 587 575 664 fundamento
599 589 713 662 altera
736 587 914 662 sententia
938 587 1086 681 nititur,

62 713 133 786 licat
154 713 194 785 id
222 730 340 810 ponat
372 715 411 798 ¹¹)
433 711 636 800 Fabricius,
680 728 719 783 et
745 709 789 798 ¹²)
810 715 978 810 Hagema
1003 737 1084 788 non

63 837 165 910 [olum
182 853 277 909 recte
298 835 339 907 id
359 851 397 906 et
416 831 657 930 probabiliter
675 827 765 906 stare
784 829 881 930 polle
902 831 1083 908 adfirmet.

63 962 146 1045 Quae
158 959 256 1030 enim
272 957 314 1030 in
333 958 428 1029 hanc
450 954 632 1028 rationem
651 954 902 1052 disputantur,
927 957 1025 1030 nibil
1042 982 1085 1030 ea

62 1080 203 1152 evincere
223 1079 402 1167 arbitror,
434 1101 518 1149 cum
541 1071 686 1148 historia
708 1075 804 1148 nihil
821 1074 1005 1150 eiusmodi
1022 1079 1085 1150 ad·

61 1200 154 1288 ferat,¹
167 1203 285 1273 immo
303 1200 345 1290 ¹²)
355 1203 486 1272 Seneca
505 1197 743 1295 philosophus
768 1202 941 1272 Marcum
962 1197 1099 1274 filium·

61 1322 151 1395 unice
164 1323 326 1394 inducat.
363 1325 477 1394 Porro
498 1315 526 1392 li
543 1324 672 1392 Seneca
690 1335 809 1415 pater,
832 1319 1084 1422 triumphante

62 1447 211 1532 Claudio,
249 1447 298 1531 ¹⁴)
321 1467 462 1515 annum
499 1441 640 1514 circiter
665 1463 725 1530 50.
756 1441 908 1516 demum
944 1445 1083 1542 agebat,

61 1585 134 1640 tunc
161 1565 261 1640 filius
294 1587 341 1636 ιο
363 1563 440 1636 fere
467 1587 584 1636 annos
618 1580 728 1636 natus
755 1561 823 1636 effe
848 1581 1009 1660 poterat,
1041 1567 1083 1640 in

61 1713 152 1784 quam
172 1703 330 1760 aetatem
353 1709 433 1758 non
455 1685 590 1756 cadunt
610 1682 699 1756 libri
721 1699 757 1756 et
783 1683 891 1756 rebus
913 1685 1085 1782 impediti

61 1808 266 1882 etlcribendi
282 1807 404 1882 forma
423 1830 564 1906 granea
602 1812 703 1906 Quae
723 1805 880 1902 denique
899 1806 945 1880 de
963 1826 1083 1884 morte

60 1931 176 2003 Mellae
193 1929 297 2028 apud
316 1929 355 2024 ¹³)
370 1928 544 2002 Tacitum
564 1945 603 2001 et
624 1924 671 2020 ¹⁶)
689 1925 854 2000 Plinium
875 1945 1083 2022 narrantur,

60 2051 131 2124 lioet
154 2052 362 2148 discrepent
385 2048 636 2145 aliquantum,
677 2045 705 2122 fi
725 2047 771 2120 ad
794 2074 915 2122 unum
937 2048 1094 2145 referres

61 2197 117 2244 nec
132 2173 168 2258 ¹⁷)
180 2171 503 2245 emendationibus
518 2168 719 2260 succurras,
742 2169 788 2242 ad
802 2171 914 2244 illum
928 2173 1083 2266 Melam,

61 2295 111 2368 vel
128 2295 281 2368 Mallem
308 2293 512 2394 pertinent,
542 2291 589 2364 de
610 2315 685 2389 quo
707 2292 828 2390 primo
848 2293 933 2368 loco
959 2289 1008 2370 est
1023 2319 1085 2369 ex·

60 2412 209 2511 pultum.

123 2665 178 2732 Ex
190 2657 397 2754 Pomponia
416 2675 525 2756 gente
545 2653 775 2728 celeberrima
800 2657 879 2736 eiua
902 2657 1086 2758 originem

63 2778 282 2852 derivandam
304 2778 421 2852 censet
441 2775 485 2869 ¹⁸)
499 2779 706 2865 Miilleruo,
738 2778 839 2873 quod
860 2796 984 2852 tamen
998 2779 1088 2852 bino

24 3001 26 3006 Ι
62 2897 179 2974 refutat
204 2901 245 2994 ¹⁹)
263 2907 449 3000 Hagerue,
476 2899 576 2998 quod
594 2900 695 2972 Mela
714 2897 838 2996 ipsese
859 2925 938 2974 non
950 2905 1087 2978 ttoma·

17 3141 18 3144 ’
98 3145 146 3212 ιι)
166 3145 200 3198 ln
216 3141 291 3199 bibl.
312 3141 416 3198 Latina
431 3137 499 3198 Vol.
512 3156 538 3196 2.
589 3137 738 3214 patruele,
759 3141 879 3196 Annaeo
901 3139 997 3206 Mela.
1019 3141 1087 3199 ado·

63 3241 86 3297 p.
100 3233 162 3293 475.
189 3230 228 3282 Ar
248 3243 327 3282 recte
347 3225 377 3278 id
393 3225 542 3281 submovit
591 3239 687 3300 pratus
709 3225 773 3282 effe.

63 3308 173 3376 Ernelli,
210 3311 266 3388 qui
302 3310 421 3368 fratrem
459 3307 542 3363 illiue
640 3309 691 3376 ιδ)
713 3311 748 3362 ln
762 3305 1090 3367 conlolatadllelviam

64 3391 126 3450 lecit.
594 3409 655 3467 cap.
675 3391 721 3447 16.
739 3392 758 3448 l.

641 3475 693 3544 14)
712 3473 756 3532 Cl.
792 3475 923 3554 superior
951 3477 1027 3534 ratio
1061 3494 1090 3535 et

99 3563 145 3630 ra)
167 3582 191 3619 e.
207 3561 228 3619 1.
249 3562 307 3619 ni·
322 3579 394 3618 vero
411 3577 543 3616 momen·
595 3559 786 3636 computatio.

66 3641 240 3722 daimpulsur
256 3647 292 3700 ad
315 3647 486 3722 opinionem
508 3643 544 3700 do
642 3647 693 3715 ²⁵)
719 3663 743 3701 o.
763 3643 783 3702 l.

65 3727 168 3786 benene
189 3726 256 3786 filio
286 3729 465 3806 propendet:
495 3731 546 3784 Se·
642 3729 695 3800 rb)
721 3747 769 3803 ¹9·
791 3743 840 3800 53.
860 3731 878 3787 l.
896 3727 924 3786 6.

66 3829 136 3868 urere
154 3815 276 3870 luerunt
299 3814 436 3889 Hispani,
466 3811 545 3869 Mela
641 3817 694 3884 ¹7)
730 3815 771 3870 Ut
818 3813 917 3870 lurdat
957 3815 1090 3888 Hegetor

17 3891 18 3896 ’
65 3892 473 3961 ἰιειιιςϋῑίοκΒιιιὶοιοηί,
495 3897 545 3951 hic
595 3898 631 3954 T.
649 3913 678 3954 ι.
696 3918 721 3954 c.
739 3897 759 3954 l.

68 3980 154 4046 etiarm
187 3987 296 4040 Seneca
323 3983 425 4038 rhetor
450 3979 545 4038 filium
642 3983 694 4051 ιθ)
717 3980 1001 4057 Einleitung-der
1016 3979 1092 4037 alten
1190 3981 1196 3988 '

68 4059 155 4122 bbuir
182 4067 304 4123 nomine
341 4063 464 4130 Melam,
494 4085 547 4122 our
595 4067 659 4124 Lat.
673 4065 877 4124 Sohriltlleller
892 4067 926 4120 T.
938 4078 966 4136 5.
981 4077 1092 4144 pm.

70 4163 118 4204 uon
136 4167 163 4207 et
184 4149 399 4230 philosophum
427 4150 547 4228 potesta
646 4153 697 4228 ¹9)
718 4153 751 4210 Ρ.
768 4157 839 4227 490.
856 4147 917 4210 nl.
