2816 4920
305 401 350 480 ρ
596 389 853 453 rottrortn
891 389 1058 452 atrata

305 565 486 642 el’enao
505 555 558 638 ad
581 561 759 664 Sepiada,
790 563 982 666 Gyrtone,
1008 559 1221 654 Meliboea,
1249 561 1325 641 ca·

304 697 468 790 flamm.
502 723 615 802 parea
634 698 686 774 ad
704 696 864 789 famem,
895 697 971 776 nifi
993 697 1106 801 quod
1127 681 1325 775 Philocte-

267 847 365 911 ates
398 833 587 912 alumnus
621 833 866 910 Meliboeam
898 835 1110 911 illuminat.
1178 838 1326 912 Terrae

303 970 515 1048 interiores
546 969 659 1044 claris
679 967 866 1046 locorum
887 969 1122 1047 nominibus
1143 964 1325 1070 tnfignes.

303 1127 430 1208 poene
450 1103 558 1181 nihil
578 1103 756 1204 ignobile
772 1099 918 1180 ferunt.
978 1107 1084 1184 Hinc
1101 1131 1186 1182 non
1202 1105 1325 1206 longe

302 1237 361 1318 est
379 1240 597 1340 Olympus,
623 1237 785 1326 Pelion,
813 1233 911 1329 Oss'a,
937 1255 1091 1318 montes
1116 1241 1339 1342 gigantum,

302 1367 440 1451 fabula
463 1371 653 1474 belloque
674 1375 903 1450 memorati:
939 1371 1007 1450 bio
1029 1371 1235 1452 Musarum
1254 1398 1325 1475 pa·

302 1531 395 1586 rena
409 1504 638 1608 domusque
653 1505 801 1584 Pieria:
829 1505 897 1582 hic
912 1506 1116 1586 noviffime
1133 1510 1324 1586 calcatum

303 1640 424 1720 Graio
458 1643 625 1720 Herculi
660 1638 813 1732 solnm,
854 1637 975 1720 saltus
1010 1647 1197 1721 Oetaeus:
1254 1643 1324 1718 hie

302 1775 413 1857 itero
441 1769 609 1856 nemore
635 1777 789 1853 nobilia
807 1779 981 1878 Tempe:
1027 1777 1095 1854 hic
1122 1776 1324 1870 Libethra,

269 1912 530 1998 searminurn
550 1907 691 1990 fontes.
731 1907 934 2006 [Obiacet]
956 1927 1043 1990 turn
1060 1913 1141 1988 iam
1158 1911 1264 1989 vaste
1281 1929 1324 1990 et

302 2047 481 2128 multum
517 2046 750 2149 prominens
777 2045 957 2136 Graecia,
1005 2062 1045 2122 et
1072 2044 1173 2124 dum
1206 2051 1326 2149 Myr·

302 2195 420 2260 tonm
439 2180 603 2284 pelagus
620 2179 806 2280 adtingat,
834 2166 1152 2282 aseptemtrione
1173 2185 1218 2258 in
1239 2169 1335 2262 me·x

302 2313 448 2394 ridiem
472 2331 605 2404 vecta,
641 2339 723 2416 qua
746 2311 805 2394 sol
831 2315 980 2406 oritur,
1017 2317 1198 2417 Aegaeis3
1244 2343 1324 2420 qua
1403 2349 1405 2354 ’

303 2446 468 2539 occidit,
494 2447 620 2526 Ioniis
640 2446 830 2527 fluetibus
850 2448 1013 2526 obiacet.
1061 2453 1117 2527 Ae
1138 2455 1325 2556 proximo

301 2581 467 2688 spatiosa
484 2598 525 2659 et
546 2585 680 2662 Hellas
700 2584 886 2673 nomine,
914 2583 1056 2686 grandi
1076 2583 1209 2663 fronte
1229 2611 1325 2688 pro-

302 2716 429 2796 oedit:
477 2743 573 2798 mor
602 2719 704 2796 mari
733 2736 926 2819 utroque,
968 2733 1008 2796 et
1036 2720 1153 2797 Ionio
1186 2724 1324 2824 magia,

300 2853 424 2932 late‘ra
464 2853 552 2932 eiua
586 2855 779 2945 intrante,
830 2851 959 2931 donee
995 2867 1169 2952 quatuor
1210 2857 1325 2932 milie

300 2985 483 3096 polluam
503 2985 805 3092 pateat,‚media
820 2983 946 3062 ferme
966 3011 1091 3089 prope
1114 2987 1321 3067 inciditur.

299 3120 460 3202 Deinde
485 3119 644 3200 rurlum
666 3124 779 3199 terris
801 3120 883 3200 hue
903 3119 943 3197 le
967 3137 1007 3196 et
1027 3123 1147 3215 illuc,
1176 3148 1325 3202 verum

300 3257 348 3334 in
375 3257 539 3334 lonium
571 3280 679 3332 mare
703 3257 827 3357 magia
858 3255 1190 3358 expandentibus,
1225 3284 1323 3361 pro·

300 3387 507 3494 grelbsqne
523 3391 569 3467 in
582 3391 726 3482 altum,
758 3415 844 3468 non
862 3405 942 3465 tam
957 3390 1050 3482 lata,
1086 3417 1208 3494 quam
1230 3418 1323 3472 coe·

299 3543 429 3630 perat,
468 3527 610 3627 ingene
641 3537 773 3601 tamen
801 3527 950 3602 iterum
984 3541 1024 3601 et
1056 3527 1166 3628 quast
1193 3553 1321 3632 paene

298 3657 428 3738 insula
453 3658 701 3750 extenditur,
737 3674 982 3761 vocaturque
1010 3661 1319 3762 Peloponnesos,

298 3796 353 3873 ob
373 3792 480 3871 linus
499 3809 538 3869 et
554 3797 838 3896 promontoria,
863 3795 966 3895 quia,
990 3810 1037 3872 nt
1053 3793 1173 3886 fibris,
1197 3798 1320 3876 litora

298 3930 387 4006 eine
414 3924 669 4034 inclinium,
716 3927 915 4029 fimulque
943 3932 1058 4006 tenui
1088 3931 1242 4007 tramite
1267 3935 1317 4012 in

297 4063 399 4143 ntus
448 4055 694 4154 effunditur,
751 4063 902 4166 platani
946 4060 1049 4140 folio
1104 4059 1316 4146 [imillima.
