2816 4920
181 415 244 473 nn
278 409 567 474 annonara
601 413 744 478 mur.
788 417 959 482 nxvnr.
1040 433 1081 498 m

68 585 270 690 fugitivis,
313 597 361 662 nt
388 585 520 674 aiunt,
563 583 723 662 condita
756 583 932 688 (nomen
958 585 1085 666 famae

71 721 235 822 adnuit)
254 719 449 821 Phygela:
484 721 545 796 ibi
567 717 757 822 Ephesus,
782 736 823 799 et
838 725 990 804 Dianae
1010 727 1088 802 cla-

69 855 257 934 riffimum
299 855 516 956 templum,
566 853 680 955 quod
716 857 955 948 Amazones,
1003 857 1089 938 Alia

72 993 239 1094 potitae,
276 985 507 1067 consecralie
542 990 773 1068 traduntur:
819 991 880 1068 ibi
907 993 1091 1096 Caystros

73 1128 215 1202 amnis:
264 1125 325 1200 ibi
344 1124 548 1216 Lebedos,
584 1126 787 1225 Clariiqne
809 1130 1008 1229 Apollinis
1033 1127 1092 1206 fa·

2 1296 3 1316 ¹
73 1287 192 1350 num,
240 1259 355 1360 quod
389 1263 552 1348 Manto,
594 1257 762 1336 Tirefiae
788 1259 888 1354 filia,
932 1261 1093 1366 lugiens

73 1399 247 1474 victores
263 1394 548 1472 Thebanorum
561 1395 781 1496 Epigonos,
808 1413 848 1474 et
865 1400 1093 1502 Colophon,

73 1557 195 1632 quam
211 1527 391 1632 Mopsus,
417 1529 597 1608 eiusdem
617 1534 780 1606 Mantus
804 1527 923 1623 filius,
949 1531 1092 1610 statuit,

73 1671 125 1744 At
146 1667 484 1767 promontorium,
513 1689 596 1766 quo
614 1663 721 1741 smus
743 1664 953 1758 clauditur,
982 1666 1129 1768 quod3

75 1804 197 1877 altera
215 1815 323 1902 parte
342 1799 486 1889 alium,
519 1822 641 1900 quern
659 1801 924 1901 Smyrnaeum
941 1817 1098 1894 vocant,
1211 1839 1215 1850 ·

75 1935 217 2025 efficit,
249 1931 502 2035 angustisque
534 1933 757 2012 cervicibus
786 1936 941 2035 reliqua
965 1953 1099 2016 exten·

74 2069 140 2164 ¹dit
168 2073 216 2144 in
240 2069 380 2166 latius,
422 2069 505 2144 abit
536 2069 581 2143 in
610 2093 735 2170 paene
765 2067 915 2147 insulas
945 2069 1098 2152 faciem.

78 2209 212 2307 Super
233 2202 446 2306 angustias,
481 2202 579 2278 hinc
602 2209 726 2295 Teos,
761 2206 874 2283 illinc
896 2207 1101 2285 Clazome-

78 2365 176 2430 nae,
204 2364 283 2440 qna
305 2353 411 2440 terga
432 2353 572 2440 agunt,
602 2335 776 2418 confinio
794 2340 965 2418 adnexae
980 2343 1103 2433 muri,

79 2473 250 2552 divorsis
276 2471 477 2550 frontibus
504 2469 657 2550 diversa
691 2477 814 2552 maria
842 2475 1100 2579 prospectant.

83 2615 131 2687 In
150 2605 233 2710 ipsa
247 2633 371 2709 paene
386 2607 513 2686 insula
527 2606 582 2684 est
597 2610 768 2710 Coryna.
800 2613 847 2686 ln
862 2610 950 2688 srnu
967 2615 1104 2713 Smyr·

83 2769 190 2822 meo
210 2741 263 2817 est
279 2749 451 2822 Hermus
470 2744 615 2832 amnis,
642 2758 683 2819 et
699 2745 794 2823 urbs
809 2749 959 2826 Leuca:
997 2761 1106 2822 extra

75 2881 277 2970 Phocaea,
305 2879 438 2958 Ioniae
460 2877 611 2958 ultima.

411 3199 447 3278 C
474 3197 508 3274 A
537 3203 577 3275 Ρ.
630 3201 789 3279 XVIII.

489 3388 724 3442 anons.

178 3563 363 3642 Proxima
389 3563 522 3666 regio,
558 3589 606 3640 ex
629 3589 712 3666 qno
735 3561 784 3640 ab
809 3563 958 3642 Aeoliis
987 3563 1147 3642 incolis

92 3702 249 3801 eoepit,
290 3697 426 3775 Aeolis
458 3696 576 3790 facta,
621 3715 712 3774 anto
745 3695 898 3800 Myfia,
937 3715 998 3790 et,
1035 3721 1115 3801 qun

94 3835 404 3935 Hellespontum
424 3833 603 3936 adtingit,
622 3833 805 3912 Troianis
823 3832 1115 3934 poffidentibus,

93 3973 224 4050 Troas
243 3967 335 4053 fuit.
400 3970 573 4048 Primam
597 3969 762 4046 urbium
785 3995 807 4044 a
826 3969 995 4068 Myrino
1021 3989 1116 4043 con·

94 4105 230 4184 ditore
255 4105 463 4208 Myrinam
494 4119 658 4184 vocant:
711 4101 943 4205 fauentem
974 4099 1116 4203 Pelops
