2816 4920
332 443 376 516 ω
614 437 869 498 ronrourt
916 432 1083 494 naara

703 610 869 688 CAP.
926 607 996 682 tv.

603 816 1094 875 tutata.

307 1035 326 1086 1
426 1019 490 1094 De
516 1015 645 1104 ltalia,
681 1015 806 1116 magis
834 1014 926 1112 quia
948 1011 1049 1089 ordo
1073 1013 1212 1114 exigit,
1238 1033 1342 1111 quam

343 1153 438 1253 quia
467 1147 677 1225 monstrari
712 1165 820 1251 eget,
860 1173 983 1250 pauca
1014 1147 1217 1223 dicentur:
1264 1160 1344 1220 nota

344 1285 437 1362 sunt
458 1286 603 1364 omnia.
661 1284 722 1361 Ab
747 1285 912 1385 Alpibus
929 1284 1071 1384 incipit
1094 1283 1136 1356 iu
1157 1283 1275 1358 altum
1291 1303 1346 1354 er·

347 1420 498 1510 cedere,
526 1435 655 1520 atque,
675 1436 721 1496 ut
741 1419 934 1520 procedit,
962 1415 1002 1492 se
1023 1417 1156 1493 media
1171 1431 1346 1520 perpetuo

347 1559 445 1656 iugo
468 1557 670 1657 Apennini
686 1557 835 1632 montis
853 1553 1059 1645 adtollens,
1085 1557 1190 1630 inter
1205 1551 1348 1628 Hadria·

347 1694 474 1768 ticum
505 1707 544 1768 et
563 1688 758 1780 Tuscum,
792 1689 872 1765 five
898 1689 972 1794 (ut
1002 1691 1117 1765 aliter
1141 1689 1273 1764 eadem
1295 1681 1351 1758 ad·

348 1825 575 1928 pellantur)
605 1829 711 1902 inter
739 1829 935 1927 Superum
975 1851 1082 1900 mare
1121 1839 1162 1900 et
1192 1819 1352 1898 inferum
1385 1915 1389 1924 ¹

350 1963 540 2051 excurrit,
568 1961 641 2038 diu
662 1959 799 2038 solida.
865 1965 1012 2039 Verum
1040 1961 1113 2036 ubi
1136 1961 1253 2061 longe
1275 1955 1352 2041 abit,

350 2098 396 2172 in
426 2095 509 2173 duo
543 2121 695 2179 cornua
729 2094 944 2186 scinditur,
982 2093 1220 2200 respicitque
1247 2094 1353 2168 altero

351 2231 533 2307 Siculum
548 2231 724 2331 pelagus,
745 2233 867 2308 altero
888 2234 1071 2311 Ionium:
1102 2247 1185 2308 tota
1202 2221 1356 2328 angust&

351 2379 392 2438 et
408 2364 556 2440 alicubi
572 2365 715 2455 multo,
735 2391 854 2466 quam
871 2365 981 2443 unde
995 2367 1138 2467 coepit,
1163 2359 1357 2465 angustior.

294 2501 546 2576 ¹aluterioru
577 2501 664 2577 eius
694 2501 792 2576 aliae
820 2502 998 2602 aliaeque
1027 2517 1183 2602 gentes3
1228 2493 1364 2574 fiuistra‘

354 2649 463 2737 parte
478 2636 597 2712 Carni
615 2651 655 2710 et
670 2639 812 2713 Veneti
828 2629 968 2714 colunt
983 2642 1175 2737 Togatam
1190 2636 1361 2711 Galliam:

354 2784 444 2846 tum
461 2770 584 2846 italici
606 2773 762 2872 populi,
791 2775 980 2862 Picentes,
1006 2774 1207 2862 Frentani,
1230 2763 1364 2852 Dauni,

354 2907 490 3006 Apuli,
519 2906 687 2995 Calabri,
716 2907 934 2982 Sallentini.
1000 2905 1063 2983 Ad
1088 2906 1267 2983 dextram
1286 2900 1366 2978 suot

354 3039 427 3116 tub
458 3041 627 3140 Alpibus
646 3041 832 3142 Ligures,
861 3039 1174 3142 sub'Apennino
1200 3039 1366 3123 Etruria;

356 3171 443 3276 post
465 3177 637 3263 Latium,
665 3175 807 3265 Volsci,
835 3179 1061 3279 Campania,
1091 3193 1131 3251 at
1156 3175 1276 3278 super
1297 3177 1370 3249 Lu·

358 3312 509 3386 cuniam
530 3312 685 3387 bruttii.
742 3313 931 3403 Urbium,
962 3337 1062 3412 quae
1080 3314 1225 3413 procul
1244 3303 1369 3390 amari.

355 3445 604 3536 habitantur,
643 3445 952 3548 opulentiffimae
972 3445 1085 3537 sunt,
1115 3447 1165 3522 ad
1190 3443 1371 3522 sinistram

356 3567 563 3660 Patdvium
588 3587 812 3674 Antenoris,
844 3586 1004 3662 Mutina
1024 3598 1063 3659 et
1077 3585 1273 3671 Bononia,
1300 3581 1374 3654 Ro·

357 3741 570 3793 manorum
611 3720 812 3796 coloniae:
874 3717 925 3794 ad
968 3718 1144 3794 dextram
1182 3719 1319 3818 Capua
1355 3733 1375 3783 a

359 3852 515 3943 Tuscis,
553 3869 594 3928 et
615 3857 755 3943 Roma,
779 3852 984 3953 quondam
1008 3850 1377 3954 apastoribus'con·

359 3991 458 4080 dita;
497 4015 627 4078 nunc,
661 3987 789 4090 [ipro
815 3991 978 4066 materia
1003 3987 1176 4075 dicatur,
1214 3987 1377 4060 aiterum

324 4155 344 4222 3
362 4155 476 4233 opus.
518 4131 571 4207 At
590 4127 636 4204 in
657 4127 738 4205 oris
757 4128 938 4230 proxima
960 4122 1014 4202 est
1034 4118 1259 4226 aTergeste
1276 4119 1377 4198 Con·
