2816 4920
205 403 267 462 nn
304 401 415 462 erro
454 399 600 462 ornis
636 401 730 458 mn.
757 401 782 460 r.
823 399 963 460 cxnr.
1057 415 1100 482 ¹6

92 577 218 664 urbes,
253 573 448 662 Seleucia,
486 573 637 661 Paltos,
672 573 859 671 Berytos,
889 571 1095 666 Lno'dicee,

87 710 229 789 Rhosos
236 738 248 800 ς
277 731 504 807 amnesque,
531 707 604 808 qui
620 705 799 782 intereas
816 721 926 796 eunt,
948 712 1093 810 Lycot,

86 863 119 922 et
135 845 299 933 Beudos,
318 859 357 918 et
373 847 564 920 Orontes:
602 857 689 918 tum
709 865 825 916 mons
841 843 1030 936 Amanus,
1050 861 1091 922 et

84 982 125 1056 ab
146 1007 191 1058 eo
212 977 341 1057 stetim
363 975 621 1082 Myriandros
639 991 679 1052 et
698 975 853 1056 Cilices.

417 1298 451 1377 C
470 1296 505 1373 A
523 1299 564 1373 Ρ.
611 1295 734 1380 x111.

298 1485 845 1544 ottrext.

37 1749 41 1760 ¹
148 1665 199 1740 At
219 1665 265 1740 in
291 1658 437 1738 receilu
459 1663 603 1740 intimo
626 1663 741 1740 locus
763 1658 818 1737 est
846 1663 980 1762 magni
1010 1665 1114 1742 nli-1

75 1798 219 1896 quando
257 1797 515 1888 discriminis,
559 1795 742 1875 lusorum
777 1797 826 1871 eb
854 1796 1079 1878 Alexandro

74 1932 262 2012 Persarum
313 1933 583 2036 fugientitque
630 1932 744 2008 Darii
794 1928 984 2033 spectator
1033 1959 1077 2010 ec

73 2067 184 2147 testie:
222 2095 331 2146 nune
348 2095 399 2145 ne
413 2069 577 2144 minima
598 2067 782 2168 quidem,
811 2083 905 2144 tunc
922 2069 1077 2170 ingenti

72 2203 157 2278 urbe
179 2205 345 2282 celebris
369 2200 443 2281 lffo
464 2201 565 2294 fuit;
614 2218 653 2278 et
674 2203 747 2279 hec
763 2228 806 2279 re
823 2201 929 2280 linus
947 2201 1076 2283 lfficus

71 2335 212 2416 dicitur.
281 2341 425 2418 Procul
459 2337 555 2415 inde
592 2336 804 2416 Ammodes
840 2354 1074 2440 promonto-

69 2474 162 2550 rium
184 2479 292 2552 inter
315 2481 531 2577 Pyramum
554 2472 824 2574 Cydnumque
847 2473 995 2552 fluvios
1016 2477 1073 2551 ie·

68 2625 127 2683 cet.
179 2616 372 2713 Pyramus
407 2607 479 2686 Illo
509 2611 676 2710 propior
709 2612 866 2686 Mallon
899 2625 1071 2712 praeter·

67 2738 164 2822 fluit:
192 2747 362 2848 Cydnus
378 2745 479 2821 ultra
500 2769 570 2845 per
589 2743 754 2820 Tarsum
775 2745 866 2819 exit.
907 2745 1100 2821 Deindee

65 2877 145 2955 urbs
163 2879 215 2956 est
243 2882 340 2956 olim
364 2906 386 2954 e
408 2879 579 2980 Rhodiis
605 2881 861 2980 Argivisque,
895 2877 982 2980 poll
1005 2880 1067 2983 pi·
1173 2848 1179 2864 ¹

63 3015 157 3102 nne,
197 3017 390 3116 Pompeio
426 3013 673 3114 adsignante,
716 3010 892 3117 pollelle3
955 3039 1066 3090 nunc

61 3147 362 3250 Pompeiopolis,
400 3165 495 3226 tunc
531 3151 669 3227 Soloi:
713 3151 823 3226 iuxta
859 3151 903 3224 in
938 3173 1064 3250 parvo

61 3287 203 3362 tumulo
229 3285 337 3361 Arati
362 3290 498 3386 politae
516 3299 844 3373 monumentum
882 3282 976 3359 ideo
1001 3310 1063 3361 re·

61 3409 273 3508 ferendum,
312 3421 406 3518 quie
435 3422 638 3520 ignotum,
678 3445 798 3521 quam
827 3417 879 3494 ob
907 3417 1061 3498 ceulam

61 3545 140 3624 iacta
165 3553 283 3630 inid
316 3552 401 3628 lexa
431 3553 633 3632 disfiliant.
696 3555 791 3630 Non
819 3553 938 3656 longe
962 3553 1059 3632 hine

59 3683 219 3786 Corycos
252 3690 446 3791 oppidum
479 3707 600 3791 portu
634 3685 793 3788 scioque
827 3689 1058 3791 incingitur,

57 3821 204 3919 angusto
235 3841 389 3926 tergore
416 3827 637 3902 continenti
661 3827 871 3899 adnexum.
930 3827 1092 3926 Supra3

56 3953 184 4052 Specus
213 3957 286 4049 est,
327 3963 493 4036 nomine
521 3961 738 4059 Corycius,
775 3955 961 4059 [iugulari
993 3959 1056 4033 in·
1173 3947 1176 3954 ’

56 4095 171 4185 genio,
198 4121 253 4188 ac,
273 4093 389 4200 supra
405 4119 525 4200 quem
541 4111 588 4172 ut
610 4092 778 4172 describi
798 4091 913 4170 facile
934 4089 1055 4196 poffit,
