2816 4920
161 413 226 471 DE
264 409 378 470 slt'u
417 410 565 471 onnts
600 411 693 472 LIB.
721 415 780 474 nt.
819 417 853 478 C.
875 418 932 477 111.
1022 424 1068 495 35

40 587 200 688 spectet,
229 583 393 664 Oceano
417 583 538 662 litore
555 583 728 662 obducto
743 583 809 662 est.
833 589 934 692 ‚Qui
950 587 1098 664 hebi-o

40 736 138 810 unt,
174 721 368 796 immanes
392 714 485 794 sunt
507 719 650 795 animis
670 733 789 820 atque
813 723 1062 822 corporibus,

39 873 74 932 et
93 853 143 930 ad
160 852 317 930 infitam
338 851 534 928 feritatem
552 850 659 929 veste
679 869 849 955 utreque
865 874 1061 949 exercent,

37 989 221 1068 bellando
248 991 420 1077 animos,
458 1013 625 1089 corpora
651 987 702 1064 ud
726 987 1059 1070 consuetudinem

38 1127 238 1214 liborum,
264 1125 436 1200 maxime
461 1120 632 1224 frigoris.
690 1123 809 1202 Nudi
829 1143 964 1227 agunt,
990 1153 1060 1204 an·
1095 1179 1110 1198 .

37 1277 193 1362 tequam
213 1259 383 1362 puberes
409 1256 506 1350 sint;
553 1273 592 1334 et
616 1258 831 1358 longiffima
856 1263 965 1364 apud
989 1289 1063 1344 eos·

35 1398 203 1498 pueritia
224 1392 302 1470 est:
331 1394 411 1470 viri
429 1392 527 1494 segis
543 1395 748 1484 velantur,
776 1411 845 1472 aut
861 1397 973 1475 libris
995 1425 1058 1475 er-

34 1532 200 1620 borum‚
236 1529 419 1630 quemvis
452 1526 565 1605 saeva
598 1527 742 1604 hieme.
800 1530 939 1605 Nandi
970 1559 1057 1610 non

33 1665 223 1767 patientie
258 1678 415 1742 tantum
452 1665 557 1754 illie,
604 1661 784 1739 studium
825 1665 944 1740 etiarn
988 1665 1054 1743 est.

32 1803 137 1878 Bella
162 1825 255 1876 curn
280 1795 461 1874 finitimis
482 1813 650 1900 gerunt:
691 1795 821 1874 causes
845 1824 986 1878 eorum
1007 1805 1058 1878 ex'

32 1935 202 2012 libidine
226 1931 439 2025 arcessunt3
481 1957 614 2034 neque
636 1933 894 2033 imperitandi
922 1937 1056 2035 prola·

31 2070 245 2170 tnndique,
281 2094 383 2168 quae
413 2067 623 2169 polluent,
659 2070 775 2164 (nem
800 2095 852 2144 ne
873 2071 940 2144 illo
964 2073 1056 2172 qui·

31 2206 123 2283 dem
152 2205 268 2280 enixe
297 2203 463 2302 colunt)
493 2199 563 2278 sed
588 2218 634 2280 ut
659 2205 760 2279 circa
782 2203 906 2306 ipsos,
952 2229 1055 2307 quae

29 2343 172 2430 iacent,
197 2337 301 2416 vasta
321 2336 405 2414 [int.
450 2339 579 2414 luein
595 2339 750 2417 viribus
771 2339 930 2430 hebent,
953 2340 1053 2419 edeo

29 2494 76 2556 ut
89 2501 143 2554 ne
158 2475 359 2551 latrocinii
377 2462 543 2573 quidem
560 2471 721 2573 pudent,
749 2488 902 2568 tentum
918 2472 1055 2577 hospi·

30 2613 139 2689 tibus
161 2610 281 2700 boni,
314 2610 511 2708 mitesque
538 2606 795 2709 supplicibus.
862 2611 979 2685 Victo
999 2613 1068 2697 itn'

31 2746 156 2850 asperi
174 2745 411 2843 incultique,
436 2758 484 2821 ut
498 2743 620 2819 cruda
637 2743 754 2818 etiam
769 2769 883 2819 carne
897 2741 1056 2818 vescan-

32 2900 117 2974 tur,
158 2896 229 2957 aut
258 2879 427 2968 recenti,
465 2894 534 2954 eut
559 2903 654 2954 cum
678 2879 875 2978 rigentem
898 2879 943 2953 in
964 2874 1056 2978 ipste

30 3015 236 3120 pecudum
262 3013 520 3114 ferarumque
557 3012 695 3102 coriis,
730 3013 914 3089 manibus
943 3012 1057 3114 pedi·

30 3154 189 3250 busque
221 3148 463 3252 subigendo,
499 3163 756 3224 renovarunt.
822 3153 944 3224 Terre
973 3146 1093 3250 ipsag

31 3289 172 3366 multis
191 3283 384 3385 impedita
406 3281 662 3372 fluminibus,
691 3283 830 3360 multis
848 3281 1056 3372 montibus
1210 3354 1215 3362 .

32 3423 184 3526 aspera,
221 3435 260 3494 et
278 3445 418 3518 magna
441 3443 489 3494 ex
510 3432 619 3518 purte
644 3417 749 3494 silvie
774 3444 817 3492 ac
839 3416 1058 3518 paludibus

31 3561 156 3637 invia.
213 3553 426 3643 Paludum,
452 3549 594 3642 Suesia,
625 3549 728 3628 Eliia
750 3568 789 3629 et
808 3551 1058 3654 Melsugum,

30 3695 247 3772 maximae:
283 3685 485 3777 silvarum,
512 3688 710 3789 Hercynio
727 3703 767 3762 et
782 3690 936 3786 aliquot
956 3685 1060 3776 sunt,

32 3853 137 3932 quae
156 3847 306 3902 nomen
323 3823 491 3915 habent;
519 3821 587 3898 sed
603 3823 672 3898 illa
688 3822 846 3898 dierum
864 3821 1060 3921 sexaginte

32 3967 107 4043 iter
134 3983 355 4060 occupans,
395 3973 443 4034 ut
471 3958 736 4048 maimanis,
765 3960 819 4034 ite
848 3973 887 4032 et
911 3957 1058 4038 notior.
1090 3979 1093 3984 ·

34 4098 252 4178 Montium
287 4090 454 4172 nltiffimi
482 4097 648 4172 Taunus
676 4109 716 4169 et
745 4094 936 4183 Rl1etic03
985 4087 1062 4174 nist

84 4253 189 4324 Pomp.
212 4247 309 4309 Mela.
728 4247 753 4321 q
