2816 4920
146 384 214 444 ox
255 380 370 444 arro
414 377 560 442 oran
599 381 693 440 ura
731 381 756 440 a
799 381 939 444 unx
1029 391 1072 462 aa

50 555 123 636 ubi
146 555 308 658 culpam
337 577 460 656 prave
483 551 585 656 quid
613 549 848 655 imperando
874 577 1071 658 meruere,

50 689 185 783 inedia
213 688 296 768 diei
324 687 450 766 totius
472 685 684 766 adficiunt:
729 702 907 768 ceterum
933 688 1071 794 asperi,

50 826 215 916 inculti,
250 823 436 927 pernoxii
458 819 641 927 adpolfia
704 823 813 900 Dein
838 825 972 904 minut
993 823 1125 906 feriri
1194 907 1202 917 ,

5 989 11 1008 “
52 963 221 1059 (verum
249 974 289 1036 et
315 959 362 1036 hi
389 957 606 1036 inconditis
633 955 841 1060 moribus)
869 961 1073 1037 Macroce-

51 1095 175 1202 phali,
200 1093 379 1184 Becheri,
403 1095 570 1173 Bucari:
607 1117 717 1170 rarae
738 1093 877 1185 urben
906 1091 1075 1174 oerum

51 1247 90 1308 et
113 1235 317 1332 Trapezus
337 1229 510 1308 maxime
534 1224 715 1306 illnttrea
779 1227 879 1306 Inde
899 1231 934 1308 ia
958 1231 1126 1318 locum

50 1365 125 1458 est,
155 1365 231 1444 ubi
249 1361 372 1440 finem
389 1361 536 1442 ductua
559 1388 582 1437 a
604 1365 783 1464 Bosporo
805 1380 950 1442 tractus
973 1367 1073 1442 acci·

49 1504 110 1608 pit
118 1531 132 1596 ;
162 1519 281 1605 atque
296 1497 392 1576 iude
408 1495 449 1574 se
467 1499 513 1574 in
530 1491 618 1574 finu
633 1493 784 1574 adverfi
803 1499 933 1578 litoris
944 1496 1072 1580 flexu·

48 1637 248 1716 adtollens
275 1629 584 1736 anguttiffimum
606 1633 726 1708 Ponti
751 1629 846 1708 facit
866 1635 1071 1737 angulum.

48 1774 126 1851 Hic
143 1769 236 1848 sunt
252 1765 414 1858 Colchi,
444 1766 526 1844 huc
542 1761 674 1845 Phafis
690 1767 884 1868 erumpit3
914 1769 982 1844 hic
1002 1795 1073 1849 eo·

49 1906 145 1984 dem
165 1906 351 1993 nomine,
379 1928 464 2004 quo
482 1902 608 1978 amnis
629 1896 703 1992 est,
732 1927 756 1976 a
775 1902 1072 2008 Themistagora

49 2039 213 2120 Milesio
238 2035 455 2116 deductum
480 2034 698 2137 oppidum,
726 2035 793 2112 hic
815 2037 952 2115 Phrixi
974 2054 1073 2116 tem·

48 2177 186 2280 plum,
223 2189 264 2250 et
287 2173 425 2263 lucus,
460 2167 596 2247 fabula
624 2185 759 2249 vetere
786 2174 903 2275 pellis
930 2199 1072 2252 aureae
1134 2255 1142 2266 ,

49 2311 213 2392 nobilis,
269 2308 374 2386 Hine
396 2308 474 2383 orti
494 2319 649 2383 montes
668 2305 792 2408 longo
816 2305 856 2383 se
878 2309 996 2410 iugo,
1032 2325 1128 2398 εἴη

50 2444 183 2524 donec
212 2440 404 2546 Rhipaeis
437 2442 750 2542 coniungantur,
789 2445 1073 2544 exporrigunt:

50 2582 126 2682 qui
156 2578 279 2654 altera
303 2576 480 2678 partein
509 2577 715 2654 Euxinum
740 2591 780 2652 et
808 2577 1011 2654 Maeotida
1034 2595 1075 2654 et

50 2714 228 2806 Tanain,
272 2711 390 2787 altera
420 2710 466 2786 in
497 2707 685 2812 Caspium
717 2711 879 2812 pelagus
905 2707 1075 2802 obverfi,

52 2847 247 2930 &munii
267 2843 478 2922 dicuntur,-
507 2840 633 2920 iidem
650 2844 778 2922 aliubi
793 2844 966 2936 Taurici,
981 2846 1076 2923 Mo·

51 2979 196 3072 ichioi,
240 2981 490 3071 Amazonici,
531 2975 681 3080 Caspii,
728 2979 929 3070 Coraxici,
971 2979 1077 3058 Cau·

52 3115 166 3208 oaiii3
212 3127 260 3191 ut
294 3114 381 3192 aliia
414 3115 552 3192 aliisve
585 3109 751 3214 adpofiti
780 3113 985 3218 gentibus,
1019 3115 1076 3191 ita

54 3252 145 3330 aliia
170 3249 339 3351 aliisque
366 3247 465 3326 dicti
490 3248 734 3328 nominibus.
801 3253 853 3326 At
872 3251 918 3326 iu
943 3249 1132 3352 primore*

53 3383 167 3466 flexu
194 3385 275 3461 iam
303 3385 420 3463 curvi
453 3385 584 3463 litoria
618 3380 817 3485 oppidum
845 3381 918 3476 est,
964 3383 1079 3485 quod

55 3518 199 3598 Graeci
216 3535 452 3598 mercatores
470 3515 727 3609 constituiffe,
754 3534 795 3595 et
817 3519 956 3622 (quia,
984 3545 1078 3600 cum

56 3677 171 3730 caeca
218 3649 443 3756 tempestate
484 3666 715 3757 agerentur,
763 3654 929 3754 ignaria
977 3679 1078 3758 quae

54 3805 162 3868 terra
177 3781 280 3878 effet,
296 3789 415 3890 cycni
429 3813 509 3868 vox
525 3802 662 3866 notam
679 3783 865 3888 dederat)
892 3789 1079 3890 Cycnum

57 3917 268 4030 adpellata
287 3919 488 4000 dicuntur.
524 3923 697 4024 Reliqua
721 3923 809 4002 eiua
826 3919 933 4000 ierac
948 3924 1081 4002 incul-

57 4073 204 4162 taeque
222 4069 377 4160 genter,
404 4053 512 4134 vasto
540 4059 641 4136 mari
668 4054 904 4150 adfidentea,
931 4073 1079 4152 teuent,

108 4207 324 4286 remmota.
721 4211 750 4260 u
