2856 4926
277 367 394 414 uxxrr
527 349 591 408 ott
634 347 904 410 POMPONIO
949 349 1082 410 Mete

281 515 427 604 meant,
462 515 583 590 evinci
604 511 770 592 et=slatui
792 543 870 592 non
889 513 1017 617 potest
1080 523 1176 590 Vero
1201 533 1329 592 tamen

282 637 349 709 esse
378 636 609 711 simillimum
646 640 768 712 addita
802 636 890 711 facit
916 637 1091 740 praefatio
1123 640 1328 727 Hernrolai,

283 759 433 856 eiusque
449 763 500 833 rei
517 761 653 836 samam
665 761 748 834 satis
767 759 867 834 soille
880 765 1142 860 pervulgatam,
1159 787 1330 857 compro-

283 879 374 952 bant
393 881 572 957 editiones
593 883 801 982 proximae,
828 908 920 978 quae
941 883 1052 956 illum
1075 901 1262 956 auctorem
1283 881 1330 956 in
1410 923 1413 976 ς

283 999 406 1074 fronte
426 1023 570 1102 gerunt.
604 999 798 1102 Descripsit
818 1028 896 1076 eam
920 1003 1134 1101 Fray'tagius
1157 1003 1196 1076 in
1220 1027 1331 1101 appa·
1411 991 1413 1006 ¹

283 1141 365 1198 ratu
392 1124 554 1198 literar-io
585 1133 627 1200 T.
648 1152 678 1199 1.
703 1151 737 1220 p.
759 1147 842 1213 ¹27·
883 1125 947 1222 qui
965 1125 1024 1196 illi
1051 1125 1162 1197 etiam
1182 1125 1333 1200 Italiam

283 1247 444 1318 natalem
470 1245 631 1346 adstgnat
662 1247 888 1344 eandemque
919 1263 1042 1342 putat,
1075 1271 1187 1342 quarn
1209 1243 1334 1318 adfert

284 1367 470 1442 Fabricius
500 1369 540 1440 in
565 1369 653 1442 bibl.
677 1375 757 1442 Lat.
780 1369 858 1471 (ed.
877 1373 929 1458 t.)
952 1370 1034 1442 Vol.
1055 1392 1087 1444 a.
1113 1367 1178 1438 lib.
1194 1391 1228 1442 a.
1248 1393 1277 1440 c.
1293 1387 1330 1453 8.

283 1513 320 1591 p.
337 1491 422 1580 476.
457 1488 672 1563 Perizonius
691 1509 813 1566 tamen
834 1491 879 1562 ad
893 1497 921 1564 1.
941 1513 972 1578 1,
989 1513 1023 1578 a,
1041 1512 1072 1578 5.
1088 1515 1123 1586 p.
1137 1493 1194 1583 69.
1214 1495 1334 1561 Vene-

284 1623 361 1682 tam
393 1611 547 1684 eandem
577 1612 759 1707 adpellare
788 1611 946 1683 videtur.
998 1610 1089 1685 Eius
1115 1610 1221 1682 usum
1244 1635 1335 1681 cou-

285 1728 380 1802 ceffit
400 1733 600 1805 liberalitas
620 1735 780 1826 Heynii,
816 1727 894 1828 post
915 1731 1026 1806 otiam
1044 1734 1229 1830 exemplar
1249 1733 1333 1802 eius

285 1851 333 1926 ad
351 1879 410 1924 me
430 1851 527 1925 mifit
541 1850 818 1926 humanislimus
835 1857 1032 1950 Langerus,
1056 1853 1097 1925 in
1113 1853 1217 1925 cuius
1236 1877 1336 1924 mar·

286 1975 371 2070 gine
395 1977 543 2074 antiqua
564 1999 695 2048 manus
719 2000 794 2047 non
816 1975 957 2070 ineptas
980 1973 1251 2070 emendationes
1268 1972 1335 2046 ad·

285 2096 434 2167 leverat.
489 2097 637 2184 Charta,
671 2094 806 2193 liquis
833 2094 1113 2193 descriptionem
1145 2093 1333 2184 (tenderet,

285 2215 411 2314 minus
431 2213 479 2290 est
492 2216 654 2306 candida,
682 2243 793 2314 quam
808 2223 1041 2304 Venetorum,
1065 2239 1152 2312 quas
1174 2217 1334 2294 omnino

286 2335 408 2408 nitore
425 2355 575 2410 externo
592 2339 748 2410 minime
768 2354 907 2434 aequae
952 2344 1092 2410 Textus
1115 2337 1235 2430 parvis
1250 2355 1336 2408 tan·

286 2473 369 2528 tum
390 2457 585 2556 segmentis
609 2455 857 2557 distinguitur,
899 2457 1014 2530 nullis
1047 2459 1107 2530 vel
1141 2457 1334 2554 capitibus,

286 2579 348 2650 vel
382 2581 547 2678 capitum
578 2583 741 2654 numeris
773 2577 952 2675 arlposttis.
1021 2585 1153 2652 Graeca
1185 2580 1334 2652 Latinis

287 2702 406 2776 literis
440 2702 570 2775 reddis
632 2707 677 2774 In
707 2701 781 2777 sins
813 2704 901 2775 haec
933 2702 1126 2798 leguntur:
1162 2710 1200 2771 P.
1224 2709 1336 2775 Melae

292 2822 526 2924 Cosmogrupht'
544 2827 616 2894 libri
635 2833 722 2893 tertii
743 2843 775 2892 et
799 2829 903 2892 ultimi
915 2827 1010 2920 finis.
1061 2829 1120 2900 Ex
1133 2821 1207 2920 ipsa
1228 2849 1335 2922 prae·

288 2943 431 3018 satione
454 2945 597 3040 potiora
619 2944 799 3040 adponere
814 2944 876 3014 hio
891 2943 1018 3017 liceat:
1052 2951 1160 3017 Melae
1177 2952 1268 3015 lectio
1287 2950 1337 3014 aa

290 3073 376 3138 dune
398 3073 480 3137 diem
502 3071 696 3156 usqueadeo
720 3062 869 3161 mendosa
882 3062 1071 3160 ferebatur,
1103 3085 1140 3134 ut
1155 3093 1211 3133 nee
1232 3093 1335 3154 agno·

283 3184 373 3288 scere
388 3207 529 3256 autorem
543 3183 641 3284 suum
662 3182 780 3283 poffet,
806 3213 861 3253 nec
876 3183 1017 3284 agnosci.
1065 3192 1215 3256 Trecenta
1233 3195 1265 3255 in
1283 3215 1332 3266 eo,

289 3335 371 3399 qnae
387 3309 564 3378 manabunt
579 3313 696 3384 rtlcere,
722 3313 772 3374 vel
788 3313 951 3387 cicatrice,
977 3314 1028 3376 nel
1039 3305 1168 3406 splenio
1188 3316 1335 3376 contexi·

289 3458 369 3500 mus.
407 3435 536 3525 Neque
561 3421 624 3503 ista
652 3444 788 3498 temere
813 3424 970 3500 iactavit
1015 3431 1109 3502 Sunt
1130 3429 1231 3500 enim
1252 3429 1335 3504 eius

289 3548 564 3623 emendationes
584 3545 769 3622 adstrictae
791 3549 941 3646 quidem
961 3565 998 3619 et
1025 3548 1167 3638 breves,
1194 3549 1335 3648 sagaces

288 3691 412 3742 tamen
431 3671 649 3768 plerumque
670 3685 707 3740 et
724 3668 931 3764 probabiles
950 3669 1002 3742 ita
1017 3666 1135 3765 saepe,
1161 3687 1204 3741 ut
1217 3667 1335 3767 polie-

288 3793 364 3864 rior
379 3809 474 3864 aetas
490 3791 531 3862 io
553 3791 600 3862 iis
617 3790 841 3885 adquiescere
855 3815 931 3862 non
952 3788 1186 3864 dubitaverit.
1220 3792 1333 3866 Vide·

284 3929 346 3984 tur
367 3911 470 3984 iniis
488 3929 571 3984 ante
596 3914 721 3985 oeulos
737 3911 896 3982 habuisse
910 3909 1086 3982 lectiones
1102 3913 1156 3984 ed.
1174 3920 1335 3986 Venetae

288 4055 398 4130 1432.
424 4031 596 4134 Adspetsa
611 4052 734 4110 tamen
748 4033 820 4110 fert
834 4032 925 4109 vitia
939 4033 1198 4133 typographica
1213 4035 1334 4131 plura,
