2816 4920
349 391 393 470 aa
625 389 886 458 rouronu
927 391 1093 454 uacat
1246 373 1250 386 '

349 561 548 660 efficiunt,
582 580 629 645 ut
653 566 773 642 initio
797 565 991 658 diximus,
1027 569 1245 648 Columnae
1265 567 1350 646 Her·

349 703 471 792 culis,
498 701 629 804 Abyla
651 718 692 780 et
713 703 854 804 Calpe:
890 717 1061 802 uterque
1083 701 1265 803 quidem,
1294 701 1352 780 tet

349 838 474 940 calpe
496 839 639 940 magis,
678 853 718 914 et
737 862 863 941 paene
888 853 996 916 totus
1020 840 1065 914 in
1083 863 1192 914 mare
1219 839 1352 940 promi·

347 997 460 1051 nens.
515 974 553 1050 ls
573 978 724 1050 mirum
746 975 791 1050 in
813 973 984 1051 modum
1006 997 1222 1065 concavus,
1252 975 1295 1052 ab
1315 997 1353 1052 aa

167 1180 175 1195 ,
311 1159 315 1176 Α
348 1121 472 1211 parte,
497 1133 576 1208 qua
593 1106 739 1212 spectat
754 1105 946 1197 occasum,
973 1109 1157 1186 medium
1171 1110 1253 1188 fere
1266 1113 1353 1188 latas

272 1293 273 1298 Ν
349 1245 494 1348 aperit:
539 1258 657 1345 atque
686 1241 782 1318 inde
811 1240 982 1344 ingreffie
1009 1259 1121 1323 totus
1151 1244 1353 1323 admodum

311 1379 524 1485 §pervium
546 1403 673 1482 prope
691 1393 885 1479 quantum
908 1395 1027 1481 patet,
1053 1379 1203 1483 specus.
1250 1383 1354 1457 Sinna

347 1516 453 1594 ultra
476 1513 552 1606 est,
583 1515 627 1590 in
651 1538 782 1614 eoque
811 1513 983 1603 Carteia,
1013 1518 1032 1613 (
1038 1531 1085 1592 ut
1111 1515 1271 1616 quidam
1291 1539 1355 1616 pu·

348 1667 445 1741 unt,
475 1647 690 1751 aliquando
711 1643 939 1748 Tarteffoe,)
968 1664 1008 1724 et
1022 1674 1147 1749 quam
1161 1649 1354 1728 transvecti

347 1811 398 1866 ex
416 1783 548 1862 Africa
561 1785 779 1862 Phoenices
799 1783 995 1892 habitant,
1027 1802 1149 1886 atque
1168 1785 1272 1864 unde
1290 1807 1354 1862 noe

328 1919 503 2010 ⁸snmus,
532 1922 782 2022 Tingentera.
840 1924 948 1997 Tum
971 1922 1177 2012 Mellaria,
1207 1936 1245 1998 et
1260 1919 1353 2007 Belo,

235 2083 240 2092 ·
346 2071 388 2130 et
415 2053 580 2156 Belippo
609 2077 738 2156 usque
767 2054 819 2131 ad
847 2056 1014 2131 lunonis
1045 2055 1355 2156 promontorium

348 2214 461 2268 oram
475 2191 580 2265 Freti
605 2204 781 2290 occupat
822 2189 950 2265 ¹lllud
965 2189 1045 2264 iam
1058 2192 1106 2266 in
1123 2189 1352 2268 occidentem

346 2339 387 2398 et
403 2327 606 2400 Oceanum
627 2324 794 2423 obliquo
811 2324 909 2423 iugo
930 2347 1156 2415 excurrens,
1182 2339 1293 2425 atque
1311 2321 1353 2408 ei,

347 2458 459 2566 quod
489 2461 534 2534 in
569 2451 702 2536 Africa
741 2463 979 2560 'Apeeioooa'eo
1011 2455 1087 2536 effe
1134 2460 1354 2542 dixeramus,

348 2593 575 2688 adversum,
603 2621 682 2699 qua
709 2593 856 2675 Nostra
876 2599 1001 2674 maria
1028 2593 1146 2689 sunt,
1174 2592 1263 2672 finit
1284 2595 1355 2668 Eu·

345 2756 484 2835 rupen

699 3053 732 3132 C
762 3053 794 3129 A
820 3055 862 3129 P.
918 3053 1013 3136 VII.

304 3279 306 3284 ,
461 3215 827 3294 Mediterranei
860 3223 1014 3294 maris
1048 3209 1248 3328 insulae.

315 3431 333 3479 1
436 3415 562 3492 Gades
585 3413 733 3506 insula,
769 3443 871 3518 quae
897 3415 1045 3520 egreffis
1065 3422 1226 3496 Fretum
1243 3413 1350 3494 obvia

346 3543 430 3638 est,
461 3549 649 3625 admonet
671 3567 760 3626 aute
788 3555 961 3655 reliquas
985 3552 1135 3641 dicere,
1171 3575 1288 3654 quam
1312 3547 1351 3622 in

342 3683 493 3760 'Oceani
541 3685 659 3761 litora
704 3692 999 3789 Terrarumque
1042 3690 1272 3774 circuitum,
1310 3693 1351 3757 ut

344 3819 465 3896 initio
502 3818 776 3920 promifimuS,
795 3826 937 3904 oratio
975 3823 1146 3899 excedat.
1214 3827 1352 3897 Paucae

345 3952 496 4031 suntin
511 3955 728 4046 Maeotide,
752 3957 871 4054 (inde
886 3959 994 4035 enim
1010 3957 1171 4037 videtur
1186 3975 1351 4035 commo·

256 4141 261 4152 ·
300 4087 541 4172 ··diffimum
567 4091 770 4200 incipere)
799 4117 933 4197 neque
967 4119 1107 4175 omnes
1140 4110 1268 4172 tamen
1293 4088 1348 4163 in·
