2868 4930
323 383 445 438 cmv
579 365 643 426 DE
682 363 957 426 solarotuo
997 367 1134 426 REM

324 534 458 614 veteris
475 551 514 608 et
527 531 754 624 morosioris,
778 533 932 626 rituum,
957 557 1107 608 morum
1122 550 1161 606 et
1178 529 1370 630 similium

323 675 435 758 rtqne
453 659 631 732 haetenus
649 681 696 730 ex
714 654 1086 754 iispallimexcerptn
1106 656 1202 730 dedi.

398 845 525 920 Multa
545 845 655 915 etiam
673 839 720 915 ad
734 842 859 915 Melae
879 843 1161 940 explicationem
1177 841 1371 944 conlegisse

326 973 426 1042 Gerr.
452 973 540 1036 Sam.
572 961 878 1062 Sclrurtzflnsclrium
903 982 1025 1037 narrat
1050 966 1301 1064 Gundlingius
1326 969 1370 1040 in

322 1085 415 1165 nist
437 1087 502 1160 der
522 1085 732 1158 Gelabrheit
754 1091 861 1158 Tom.
881 1108 913 1173 3.
936 1112 971 1181 p.
989 1091 1101 1178 4064.
1153 1093 1190 1160 Is
1206 1088 1308 1160 enim
1326 1089 1370 1164 in

322 1205 545 1308 supellectile
559 1205 738 1296 literaria,
763 1231 834 1303 qur
854 1207 895 1280 in
915 1207 1048 1282 itinere
1061 1209 1219 1304 suscepto
1242 1209 1371 1282 uteba·

323 1349 401 1422 tur,
426 1327 584 1404 Vatreni
603 1345 640 1400 et
662 1325 859 1401 Censorino
881 1329 1100 1404 adiunxerat
1122 1334 1280 1422 Melam,
1308 1333 1369 1405 cui

321 1470 456 1532 notatu
486 1447 653 1548 digniora
688 1475 734 1523 er
760 1467 885 1523 vetere
916 1453 1141 1551 Geogrephia
1171 1453 1370 1527 adscribere

321 1575 452 1652 solitus
467 1589 554 1648 erat.
603 1578 653 1646 At
672 1597 764 1644 num
781 1572 877 1646 edita
898 1571 1057 1665 fuerint,
1086 1591 1123 1646 et
1136 1574 1202 1647 ubi
1216 1577 1368 1669 lateant,

322 1695 494 1796 equidem
509 1693 627 1766 dicere
643 1717 721 1782 non
734 1695 863 1768 habeo.

400 1847 669 1977 subsequantur
700 1903 803 1952 nunc
827 1903 888 1952 eae
912 1879 1080 1954 virorum
1105 1881 1300 1956 dootonrm
1324 1884 1369 1958 in

318 2003 463 2078 Melam
482 1999 754 2090 adnotationes,
781 2024 874 2097 quae
893 2002 991 2098 typis
1012 2004 1174 2078 redditae
1192 2002 1367 2103 prostant.

320 2121 447 2198 Primo
468 2121 529 2193 hic
547 2120 634 2194 loco
653 2120 806 2218 prodest

398 2311 587 2377 Hermolaus
605 2310 787 2387 Barbarus,
813 2306 860 2378 do
876 2307 979 2382 cuius
1000 2308 1151 2407 quidem
1167 2308 1366 2410 castigatio·

319 2429 430 2506 nibus
451 2426 714 2525 supradictum
735 2423 784 2500 est
801 2427 841 2500 in
859 2429 1004 2502 recensu
1022 2430 1228 2504 editionum
1251 2460 1287 2507 n.
1306 2460 1364 2510 11.

318 2575 356 2650 p.
371 2555 495 2626 LXXI
506 2548 556 2648 sq.
606 2548 765 2646 Respicit
777 2548 819 2622 in
836 2549 883 2624 iis
899 2551 1061 2624 maxime
1075 2553 1278 2628 editionem
1294 2565 1367 2631 Ve-

318 2691 443 2748 natum
461 2691 568 2764 1432.
591 2688 627 2763 4.
661 2671 763 2768 quod
780 2695 826 2746 ex
845 2671 891 2746 iis
911 2673 1005 2746 locis
1020 2675 1260 2774 intelligitur,
1297 2681 1367 2753 ubi

317 2811 403 2869 ante
425 2819 511 2868 eum
535 2795 601 2866 illa
624 2791 699 2866 sola
730 2813 767 2867 et
792 2795 954 2892 primum
975 2795 1172 2870 lectionem
1202 2800 1367 2896 aliquam

316 2913 489 3014 praefert,
516 2934 559 2988 ut
576 2941 609 3004 r,
632 2939 665 3004 a,
692 2914 903 3017 7.1sclmon.
938 2941 972 3004 r,
992 2937 1026 3005 5,
1042 2936 1078 3010 4.
1094 2923 1240 3000 Albiana,
1269 2947 1304 3012 o,
1326 2948 1366 3017 7,

285 3109 288 3116 ,
320 3015 387 3109 ιι.
400 3043 528 3108 cathon
544 3055 580 3108 et
595 3039 676 3110 alia.
714 3043 834 3136 Quam
852 3037 989 3109 incerta
1003 3037 1076 3110 fide
1091 3047 1133 3111 Α.
1149 3046 1365 3120 Gronovius

315 3155 399 3230 illas
424 3156 640 3248 reddiderit,
674 3159 750 3230 iam
777 3157 881 3253 supra
907 3158 1049 3230 monui.
1101 3164 1248 3258 Saepius
1275 3166 1367 3241 illae

313 3273 434 3375 possea
451 3293 488 3350 et
507 3277 548 3350 in
565 3278 792 3352 editionibus
807 3294 844 3352 et
857 3276 1016 3351 seorsum
1031 3281 1257 3377 prodierunt

389 3447 559 3522 Alterum
589 3451 715 3523 locum
740 3465 841 3521 tenet
863 3455 1056 3528 Pincianus,
1087 3449 1112 3522 s.
1138 3470 1181 3524 ut
1206 3455 1365 3551 quidam

313 3565 485 3658 scribunt,
501 3577 687 3653 Pincianus,
703 3571 771 3669 qui
786 3569 933 3668 proprie
947 3568 1070 3644 dictus
1081 3569 1128 3644 est
1137 3581 1365 3650 Ferdtnandus

314 3694 430 3760 Nuria
450 3695 490 3758 de
508 3697 669 3774 mmm,
701 3689 781 3792 post
801 3717 821 3766 a
843 3693 959 3791 patria
984 3699 1207 3764 Ferdr'nandns
1227 3705 1366 3774 Nonius

287 3787 504 3890 'mmmm
544 3813 591 3884 de
619 3838 693 3910 quo
720 3811 768 3887 cs.
793 3813 981 3888 Antonius
1006 3813 1047 3886 in
1082 3814 1171 3886 bibl.
1204 3817 1363 3916 Hispan.

289 3911 292 3918 ¹
313 3933 444 4026 (Rom.
461 3937 568 4024 167a.
584 3931 631 4026 f.)
650 3961 687 4032 p.
702 3957 788 4029 ²9¹·
825 3935 978 4008 Decius
994 3931 1292 4033 castigationibus
1307 3943 1365 4016 ita

286 4053 427 4174 ⁸'tnttlti
454 4055 678 4156 loquuntur,
714 4073 758 4130 ut
785 4054 921 4129 dubins
951 4055 1036 4152 quis
1066 4058 1214 4132 haerere
1238 4059 1365 4166 pellit,
