2816 4920
171 431 230 488 DE
265 429 378 488 stru
413 427 560 508 ΜΗΘ
594 429 688 490 m.
716 433 741 490 1.
783 434 817 492 C.
840 435 920 492 XIX.
1015 443 1059 519 ω

60 626 130 678 non
153 601 196 676 in
222 616 342 678 aetate
367 601 515 680 modus
542 599 618 694 est3
671 599 745 679 nili
774 629 876 706 quae
901 605 1056 688 hostem

60 736 292 829 interemere,
333 739 507 839 virgines
544 753 716 814 manent.
782 739 867 841 lpse
900 748 1111 846 Tanaim

60 893 98 946 ex
125 872 300 974 Rhipaeo
332 889 470 949 monte
504 872 701 966 deiectus,
742 874 841 951 adeo
873 901 1059 982 praeceps

61 1007 145 1096 ruit,
178 1023 244 1098 ut,
279 1033 374 1086 eum
398 1007 530 1085 vicina
553 1005 740 1099 flumina,
776 1023 864 1086 tum
888 1015 1058 1094 Maeotis

59 1156 91 1216 et
107 1145 319 1245 Bosporus,
361 1158 447 1221 tum
478 1145 598 1220 Ponti
630 1144 763 1244 aliqua
803 1144 977 1222 brumali
1004 1149 1060 1225 ri·

58 1299 138 1378 gore
157 1276 371 1369 durentur,
399 1276 506 1356 solus
527 1274 654 1356 aestus
673 1279 928 1380 hiememque
948 1284 1059 1360 iuxta

57 1405 190 1504 ferens,
232 1411 343 1490 idem
368 1411 520 1514 lemper
542 1429 582 1488 et
608 1410 671 1489 tut
695 1411 833 1490 fimitis
857 1417 1060 1496 incitatus·

56 1571 123 1646 qne
140 1548 330 1627 decurrat
388 1549 510 1650 Ripas
531 1550 618 1625 eius
633 1551 884 1624 Sauromatae
900 1565 939 1626 et
960 1553 1058 1652 ripis
1072 1580 1116 1652 ¹9

3 1755 4 1758 ,
55 1679 239 1760 haerentia
258 1681 467 1785 pollident:
501 1707 582 1758 una
599 1707 707 1784 gens,
733 1684 888 1784 aliquot
905 1687 1062 1786 populi,

56 1831 91 1890 et
113 1817 263 1918 aliquot
286 1817 460 1896 nomina.
519 1819 644 1893 Primi
659 1817 887 1894 Maeotidae
911 1850 1064 1913 γυναικο·

3 1993 4 1998 =
58 1959 278 2052 κρατούμενοι,
315 1977 435 2054 regna
469 1955 735 2043 Amazonum,
771 1949 966 2032 fecundos
994 1981 1062 2058 pa·

56 2087 161 2181 bulo,
188 2105 228 2165 at
249 2090 324 2164 alia
344 2087 491 2164 steriles
511 2086 724 2188 nudosque
743 2113 900 2189 campos
915 2106 1061 2168 tenent.

3 2235 4 2238 ’
56 2224 191 2301 Rudini
219 2226 424 2314 Gelonon,
467 2221 611 2299 urbem
643 2224 834 2323 ligneam,
875 2223 1063 2302 habitant.

55 2359 153 2434 quta
166 2355 422 2462 Thyllagetae
439 2360 654 2458 Iyrcaeque
674 2356 796 2436 vallas
813 2357 927 2436 salvas
945 2387 1066 2438 occu·

54 2511 156 2595 pant,
192 2495 437 2594 alunturque
466 2491 663 2569 venando.
731 2497 840 2570 Tum
861 2497 1120 2575 continuisao

55 2631 211 2731 rupibus
227 2631 307 2705 late
327 2627 458 2729 aspera
493 2643 534 2702 et
557 2625 706 2703 deserta
728 2629 840 2728 regio
865 2627 914 2704 ad
934 2629 1067 2705 Arim-

56 2763 191 2866 phaeos
215 2787 345 2863 usque
363 2763 618 2862 permittitur.
676 2763 749 2838 His
768 2759 959 2838 iustiffimi
978 2785 1068 2839 mo·

57 2923 126 2990 πως
163 2921 330 2976 nemora
354 2921 429 2998 pro
452 2894 641 2974 domibus
647 2921 660 2987 ς
698 2895 884 2972 alinnenta
907 2896 1067 2987 bacone3
1106 2955 1110 2966 .

56 3047 89 3108 at
103 3033 263 3112 feminis
284 3046 324 3107 et
345 3031 522 3107 maribus
540 3029 649 3108 nuda
671 3026 762 3106 sunt
781 3033 917 3132 capita.
961 3033 1069 3108 Sacri

57 3167 179 3268 itaque
200 3166 418 3255 habentur,
453 3164 635 3265 adeoque
659 3163 763 3268 ipsos
779 3191 901 3243 nemo
919 3164 969 3242 de
988 3182 1070 3243 tum
1141 3155 1144 3158 ¹

56 3297 148 3407 feriat
170 3301 363 3405 gentibus,
377 3299 523 3390 violat,
563 3314 610 3376 ut
630 3301 717 3377 aliis
739 3323 903 3401 quoque
928 3299 979 3376 ad
1000 3309 1071 3378 'eos

57 3433 266 3540 noufngille
295 3461 372 3539 pro
397 3433 507 3536 asylo
536 3433 592 3512 sat
659 3435 771 3510 Ultra
804 3432 930 3537 surgit
955 3461 1073 3514 mons

56 3569 271 3673 Rhipeus,
321 3571 505 3672 ultraque
550 3593 646 3648 curn
685 3571 787 3647 iacet
829 3593 919 3662 ora,
968 3593 1072 3673 quaa

58 3699 190 3808 spectat
219 3709 433 3785 Oceanum.
