2868 4930
197 421 256 478 DE
290 413 406 475 saw
438 413 585 476 oanis
622 415 714 474 Lm.
743 417 767 475 1.
810 419 919 480 (LIX.
1028 431 1067 492 17

76 591 203 668 formae
224 586 483 666 similitudine
511 585 741 688 agnoscunt.
800 585 967 691 Augilae
987 611 1107 689 mit-a

76 753 133 812 nes
156 741 303 804 tantum
325 729 435 803 Deos
467 737 630 824 putant;
682 749 755 825 per
779 749 847 802 eos
874 723 1075 818 deierantp

77 887 141 952 eos,
164 875 208 938 ut
229 862 399 950 oracula,
427 857 660 936 consulunt:
700 861 941 962 precatique,
969 885 1072 962 quae

75 997 217 1087 volunt,
242 995 315 1074 ubi
330 997 500 1072 tumulis
519 995 759 1086 incubuere,
786 1021 862 1098 pro
881 993 1075 1098 responfia

75 1129 188 1207 ferunt
208 1129 370 1210 somnia.
436 1119 612 1208 Feminis
640 1157 783 1208 eorum
806 1128 981 1209 solemne
1003 1131 1071 1224 est,

75 1282 187 1356 nocte,
219 1292 299 1367 qua
326 1264 509 1356 nubunt,
545 1267 730 1343 omnium
758 1265 895 1368 stupro
925 1283 1072 1369 patere,

74 1403 249 1500 quicum
279 1425 448 1478 munere
475 1399 729 1476 advenerint:
772 1417 945 1492 etrum,
978 1429 1071 1480 cum

72 1537 233 1634 plurimis
249 1531 516 1626 concubuiffe,
541 1538 761 1612 maximum
779 1535 918 1626 docum
946 1539 991 1614 in
1009 1563 1072 1613 re·

20 1739 21 1742 ,
71 1667 208 1770 liquum
242 1671 438 1774 pudicitia
476 1668 641 1772 insignis
677 1669 742 1746 est.
826 1671 945 1750 Nudi
979 1669 1107 1773 sunt9

73 1806 371 1908 Gamphasantes,
404 1829 687 1903 armorumque
715 1808 899 1884 omnium
921 1807 1068 1908 ignari:

70 1965 129 2014 nec
151 1943 270 2018 vitare
301 1938 433 2016 fciunt
461 1943 556 2030 tela,
597 1967 671 2016 neo
702 1944 847 2018 iacere:
893 1940 1070 2044 ideoque

71 2075 189 2156 obvios
209 2077 385 2179 fugiunt,
413 2101 545 2178 neque
563 2078 748 2166 aliorum,
776 2101 896 2178 quam
921 2077 1071 2178 quibus

69 2209 159 2286 idem
183 2214 336 2315 ingenii
365 2206 438 2311 est,
473 2201 552 2288 aut'
570 2208 814 2311 congressus,
853 2227 921 2288 aut
945 2214 1070 2290 collo·

20 2393 21 2400 κ
70 2347 145 2444 quia
163 2350 378 2448 patiuntur.
438 2349 614 2448 Blemyis
638 2350 762 2448 capita
782 2345 943 2436 absunt,
976 2347 1127 2424 vul-ro

68 2495 119 2558 toa
138 2485 178 2558 in
197 2498 358 2584 pectore
382 2479 457 2559 est:
502 2485 670 2592 Satyris,
706 2498 859 2584 praeter
882 2479 1069 2584 effigiem,

68 2617 155 2692 nihil
171 2619 350 2695 humani.
409 2619 678 2719 Aegipanum,
712 2643 813 2720 quae
836 2597 1069 2708 celebratur,

69 2773 103 2826 ea
122 2749 243 2831 iorma
267 2751 334 2830 est.
383 2757 489 2830 Haeo
511 2751 562 2828 de
583 2749 725 2829 Africa.

290 3071 292 3074 ’
406 3113 698 3192 οΑΡ.ιΧ.

20 3305 22 3396 ξ
120 3295 462 3374 Particularia
503 3287 666 3406 Asiae
706 3287 997 3406 descriptio.

346 3543 763 3602 ARGIP‘I'US·

20 3699 22 3780 L
134 3705 239 3783 tiliae
259 3707 387 3808 prima
406 3731 494 3807 pars
514 3707 718 3806 Aegyptus
739 3705 844 3786 inter
863 3701 1104 3781 catthath-1

65 3859 145 3914 mon
160 3859 200 3918 et
215 3843 381 3933 Araban
410 3840 458 3917 ab
478 3841 557 3918 hoc
576 3841 694 3916 litore
713 3842 874 3941 penitus
890 3835 1067 3926 immitia,

20 4053 21 4062 ἢ
66 3967 175 4050 donec
202 3979 457 4081 Aethiopiam
482 3974 600 4054 dorio
622 3979 841 4077 contingat,
875 3974 925 4048 ad
948 3973 1068 4048 meri-

66 4101 156 4190 diem
180 4111 341 4218 refugit.
398 4119 522 4192 Terra
550 4137 701 4214 expers·
717 4111 930 4198 imbrium,
963 4109 1065 4184 mire
