2816 4920
329 389 372 458 l·
614 377 870 438 ronootm
912 375 1080 440 nam
1191 372 1196 382 ’

256 623 260 632 ,
336 551 443 624 inter
479 544 663 626 Bastlidas
697 564 738 625 et
763 547 985 642 Nomadas,
1027 549 1251 651 Hypaeara
1273 549 1338 647 μέν

300 683 551 768 5Nomndas
595 685 809 762 evolvitur.
894 688 1024 763 Silvae
1068 684 1213 762 deinde
1246 679 1341 771 sunt,

340 843 438 918 qnae
455 820 641 895 maximas
658 819 732 894 hae
753 835 876 896 terrae
890 819 1039 910 ferunt,
1065 835 1106 896 et
1120 821 1344 918 Panticapes,

341 956 414 1054 qui
437 952 639 1032 Nomadas
659 959 914 1056 Georgosque
941 955 1194 1032 distemtinat
1234 959 1346 1029 Terta

343 1107 432 1164 tum
468 1089 588 1188 longe
625 1087 792 1166 distenta
831 1090 1040 1182 excedent,
1080 1093 1194 1167 tenui
1227 1086 1345 1164 radice

344 1221 454 1298 litori
477 1222 717 1301 adnectitur:
754 1224 841 1326 post
860 1223 1024 1327 spatiola
1048 1225 1219 1313 modice,
1246 1219 1348 1322 paul·

345 1357 457 1432 latim
476 1353 515 1431 [e
540 1357 622 1458 ipla
651 1357 822 1461 fastigat,
860 1375 900 1436 et
924 1359 1034 1460 quali
1059 1363 1102 1436 in
1128 1377 1350 1438 mucronem

346 1493 466 1592 longa
496 1494 686 1597 colligens
717 1497 856 1586 latera,
898 1493 998 1573 facie
1024 1493 1143 1598 politi
1170 1491 1268 1570 enlis
1293 1489 1352 1564 ad·

348 1627 448 1704 lecta
471 1625 536 1704 est.
603 1629 777 1708 Achilles
804 1627 944 1706 infesta
963 1627 1075 1708 clalle
1101 1655 1210 1705 mare
1229 1623 1353 1704 Ponti·

349 1789 442 1838 oum
459 1760 659 1864 ingrellua,
682 1765 740 1840 ibi
756 1765 916 1843 ludicro
934 1767 1148 1844 certamine
1166 1753 1354 1838 celebraffc

350 1901 572 1988 victoriam,
607 1915 658 1988 et,
686 1925 778 1975 cum
799 1900 849 1974 ab
873 1903 991 1978 armis
1008 1901 1123 2003 quies
1145 1913 1239 1987 erat
1264 1893 1301 1969 le
1318 1917 1355 1965 ac

350 2028 443 2109 [noe
486 2028 605 2110 cursu
648 2031 911 2110 exercitaville
950 2050 1207 2113 memoratur.
1272 2027 1355 2104 Ideo

313 2167 456 2245 fidicta
484 2167 540 2244 est
573 2173 689 2272 δρόμος
718 2177 912 2267 'tzilleca
972 2175 1081 2246 Tum
1107 2158 1356 2269 Borysthenes

353 2318 512 2402 gentem
547 2302 612 2380 sui
646 2309 822 2383 nominis
856 2306 1005 2396 adluit,
1048 2305 1155 2380 inter
1191 2299 1357 2402 Scythiae

354 2463 488 2515 amnes
504 2438 811 2518 amoenilltmus:
851 2439 1021 2517 turbidis
1043 2441 1141 2529 aliis,
1172 2427 1358 2537 liquidiffi·

355 2599 443 2650 mus
460 2571 614 2664 defluit,
641 2573 847 2678 placidior,
869 2601 988 2675 quam
1007 2576 1138 2662 ceteri,
1167 2572 1358 2675 potatique

356 2710 660 2812 pulcherrimus.
709 2712 791 2787 Alit
812 2708 1006 2786 laetiffima
1026 2709 1175 2811 pabula
1195 2709 1360 2804 magnol-

356 2871 436 2944 que
458 2843 598 2945 pisces,
636 2847 782 2944 quibus
809 2861 848 2919 et
871 2845 1046 2945 optimus
1069 2840 1186 2942 sapor'
1206 2855 1245 2914 et
1264 2835 1361 2912 nulla

358 2979 433 3057 olla
461 2979 560 3056 lunt.
627 2967 766 3080 Longe
789 2981 921 3068 venit,
960 2977 1189 3079 ignotisque
1217 2987 1361 3049 ortuse

358 3112 558 3202 fontibus,
587 3113 846 3212 quadraginta
859 3113 1018 3188 dierum
1038 3113 1114 3186 iter
1130 3112 1245 3186 alveo
1263 3103 1374 3186 strin·.

360 3249 440 3348 git:
486 3261 676 3348 tantoque
710 3245 835 3348 [patio
866 3247 1119 3348 navigabilis,
1159 3238 1366 3319 secundom

359 3381 648 3483 Borysthenida
672 3399 710 3457 et
733 3383 890 3472 Olbian,
916 3385 1061 3456 Graeca
1083 3378 1242 3482 oppida,
1269 3391 1363 3472 egre·

324 3539 343 3607 7
363 3519 483 3593 ditur.
520 3519 733 3617 Callipidas
749 3519 927 3618 Hypanis
944 3515 1126 3592 includit.
1163 3515 1222 3588 Ex
1240 3499 1364 3612 grandi

360 3653 508 3757 palude
545 3653 693 3741 oritur,
739 3677 858 3752 quam
883 3654 1068 3728 'Matrem
1101 3649 1189 3724 eius
1227 3641 1364 3720 accolae

362 3789 579 3890 adpellant:
615 3801 663 3860 ‘at
691 3785 783 3877 diu,
822 3785 948 3886 qualis
975 3799 1091 3860 natus
1120 3781 1195 3871 cst,
1229 3772 1363 3854 defluit.

364 3922 543 4002 Tandem
570 3945 655 3996 non
677 3923 796 4022 longe
823 3946 846 3994 a
870 3919 990 4009 mari,
1025 3943 1074 3995 ex
1105 3939 1230 4019 parvo
1256 3909 1365 3988 fonte,

363 4061 433 4136 cni
474 4061 673 4159 Exampeo
711 4080 935 4157 cognomen
972 4051 1048 4145 est,
1104 4052 1203 4130 adeo
1237 4059 1367 4123 amaris
