2816 4920
167 377 388 464 nr'srr'u
412 403 555 464 oanrs
586 382 678 464 arn.
706 407 746 464 u.
789 407 822 467 c.
843 409 897 474 vr.
1004 405 1048 487 63

39 575 196 656 libidine
217 572 350 651 visum
370 571 427 649 est
452 572 606 652 tradere
630 573 815 678 posteris,
849 580 893 655 in
917 605 961 655 ea
986 607 1048 658 re·

39 718 144 815 gione
172 709 320 813 piscem
349 725 493 786 eterra
516 714 675 811 penitus
703 715 823 804 oriri,
852 716 945 814 qui,
975 717 1049 794 ubi

40 849 165 924 exulto
189 845 402 945 hucusque
425 830 659 946 penetravit,
689 872 762 947 per
777 873 819 922 ea
840 845 1048 940 foramina,

39 985 108 1058 latu
124 979 398 1082 capulantium
414 979 657 1070 interfectus,
678 982 906 1060 extrahitur.
948 983 1084 1079 Indess

39 1116 83 1190 est
101 1142 166 1192 om
191 1116 445 1205 Sordonum,
484 1131 524 1192 et
541 1142 663 1218 parva
686 1113 854 1193 flumina
877 1119 985 1195 Telis
1008 1134 1049 1196 et

39 1251 172 1342 Tichia,
198 1250 274 1326 ubi
298 1273 513 1340 accrevero,
541 1247 745 1352 persaeva:
782 1253 940 1330 colonia
960 1258 1050 1332 Ru·

38 1383 150 1475 lcino‚
181 1387 297 1462 vicus
313 1385 504 1474 Illiberri,
533 1409 696 1487 magnae
711 1386 914 1487 quondam
935 1391 1048 1468 urbia

37 1538 70 1594 et
88 1545 320 1621 magnarum
343 1525 472 1621 ‘opum
504 1535 625 1596 tenue
652 1517 875 1622 vestigium.
937 1529 1048 1600 Tum

38 1656 126 1731 inter
142 1658 337 1756 Pyrenaei
359 1655 634 1756 promontoria
651 1659 795 1732 Portus
815 1658 979 1735 Veneris
1000 1661 1048 1736 in

38 1785 111 1869 sinu
127 1788 238 1882 salso,
266 1805 307 1868 et
321 1790 506 1869 Cervaria
524 1790 650 1882 locus,
677 1787 769 1870 finit
788 1791 947 1868 Galliae.

388 2109 483 2188 ΟΔ
512 2113 554 2186 Ρ.
610 2113 680 2188 vl.

170 2269 474 2386 Hispaniae
517 2301 611 2352 ora
655 2279 889 2356 citerior.

102 2475 328 2574 Pyrenaeus
343 2476 478 2576 primo
492 2473 588 2548 hinc
602 2472 647 2550 in
660 2477 933 2554 Britannicum
952 2499 1081 2576 pro-1

41 2609 146 2683 currit
164 2614 372 2686 Oceanum
378 2636 391 2700 ς
426 2625 515 2687 tum
534 2611 713 2688 interrae
728 2607 863 2689 fronte
879 2634 1047 2689 conver·

41 2734 101 2830 tus„
118 2743 348 2846 Hispaniam
368 2745 572 2847 irrumpit,
596 2760 636 2819 et
653 2746 812 2822 minore
830 2745 916 2821 eius
934 2753 1047 2845 parte

42 2873 80 2948 ad
109 2877 286 2956 dextram
313 2875 488 2969 exclusa,
534 2879 657 2955 trahit
697 2894 888 2982 perpetua
925 2879 1047 2955 latera

41 3015 260 3105 mutinum,
306 3037 379 3115 per
414 3037 579 3092 omnem
622 3014 752 3090 donec
795 3015 1047 3116 provinciam

41 3139 145 3246 longo
160 3148 292 3224 limite
309 3144 515 3239 irnrrtilins,
541 3149 586 3224 in
602 3172 647 3224 ea
661 3151 792 3240 litora,
819 3175 919 3250 quae
942 3152 1048 3228 occi·

42 3273 241 3360 dentisunt
262 3279 441 3374 adversa,
467 3285 683 3384 perveniat.
740 3282 826 3386 ipsa
846 3283 1044 3387 Hispania,
1058 3315 1084 3368 ι

42 3411 100 3488 nili
128 3442 206 3517 qua
239 3419 384 3495 Galliae
413 3421 557 3519 tangit,
598 3419 740 3520 pelago
769 3418 953 3521 undique
981 3423 1046 3498 in·

43 3547 149 3628 cincta
168 3553 245 3630 est:
275 3554 350 3631 ubi
369 3553 452 3630 illia
468 3552 665 3645 adhaeret,
692 3555 863 3630 maxime
883 3555 1046 3658 angusta

42 3687 229 3780 paullatim
262 3684 302 3762 se
337 3688 383 3763 in
408 3685 604 3765 Nostrum
632 3703 672 3764 et
700 3692 905 3766 Oceanum
935 3717 1045 3770 mare

42 3821 221 3902 extendit:
267 3824 472 3924 magisque
498 3839 540 3900 et
565 3823 688 3924 magis
711 3825 836 3901 latior
858 3825 909 3901 ad
940 3831 1044 3906 occi·

44 3946 183 4034 dentem
203 3957 302 4047 abit,
331 3983 375 4034 ac
393 3954 440 4032 fit
458 3957 517 4034 ibi
538 3955 733 4036 latillima:
769 3960 888 4050 viris,
916 3965 1043 4060 equit,

43 4079 149 4183 imo,
173 4093 361 4196 plumbo,
389 4117 497 4185 aere,
527 4108 690 4196 argento
716 4119 898 4194 auroque
924 4097 1043 4176 etiam
