2856 4926
370 427 439 478 mv
618 413 682 472 DE
724 408 994 474 ΡΟΜΡΟΝῙΟ
1037 413 1173 472 Muta

448 583 488 652 Ρ.
514 597 598 666 188.
627 585 756 676 Pomp.
776 579 898 654 Melae
918 579 1192 680 cosmographia
1216 604 1316 654 cum
1338 578 1422 656 vim

372 703 477 777 Alex.
510 719 549 774 et
585 699 742 780 Caesaris
773 728 832 811 ax!
858 705 1074 795 Plutarcho,
1116 727 1162 776 ex
1194 700 1422 778 bibliotheca

371 829 552 898 Romana.

447 981 488 1050 Ρ.
505 997 589 1068 178.
616 981 700 1068 168.
722 985 851 1076 Pomp.
868 981 969 1054 Mela
987 977 1070 1054 des.
1090 1002 1126 1052 o.
1147 976 1341 1051 indidem.

448 1134 634 1205 Praeterea
649 1133 749 1206 idem
766 1159 798 1231 p.
811 1141 896 1224 2'37.
916 1157 999 1222 5⁰¹·
1019 1156 1065 1204 ex
1079 1131 1337 1204 Laurentiano
1353 1135 1422 1204 Mc

374 1250 474 1326 dicea
496 1271 520 1346 4
538 1254 660 1327 Melae
674 1256 815 1330 codices
833 1257 1022 1344 indicavit,
1046 1278 1206 1351 quorum
1222 1277 1422 1326 numeruu

373 1369 454 1470 post
473 1394 623 1448 auctum
639 1376 742 1452 fuisse
762 1404 809 1452 ex
827 1377 998 1452 Bandinii
1014 1375 1260 1474 descriptione
1281 1375 1422 1470 adparet

376 1513 413 1568 et
434 1522 493 1570 me
513 1497 640 1573 literae
660 1499 740 1574 cius
764 1501 986 1588 docuerunt,
1019 1497 1084 1570 etsi
1100 1522 1227 1571 aarum
1249 1495 1422 1570 conlatio

375 1645 463 1694 nem
482 1621 676 1720 impetrare
698 1641 847 1722 propter
867 1623 1027 1695 obiectas
1049 1645 1070 1692 a
1089 1619 1228 1692 laboris
1253 1641 1422 1713 compen

374 1739 513 1816 satione
530 1742 767 1818 difficultates
790 1759 868 1818 non
886 1743 1002 1842 potui.

453 1901 643 1970 Notantur
655 1923 767 1994 porro
783 1904 826 1972 T.
846 1921 878 1970 1.
892 1921 927 1993 p.
943 1911 1031 1988 434.
1047 1900 1085 1967 Ρ.
1101 1893 1205 1966 Mela
1223 1892 1274 1966 de
1290 1891 1317 1970 s
1333 1916 1367 1966 o.
1387 1913 1422 1963 er

376 2013 467 2089 bibl.
490 2016 724 2091 cesenatensi.
1288 2045 1297 2064 =

454 2175 492 2238 P·
511 2187 597 2260 485·
624 2175 753 2270 Pomp·
788 2172 911 2246 Malao
942 2165 1224 2268 cosmographia
1258 2190 1309 2240 ex
1340 2161 1422 2235 bibt

377 2289 563 2364 Patavina.

453 2438 491 2504 P.
512 2446 598 2524 487.
622 2437 663 2504 Ρ.
689 2433 791 2506 Mela
817 2432 995 2507 indidem.

452 2577 491 2644 P·
511 2589 597 2666 ι188·
625 2579 663 2648 P·
691 2576 794 2648 Mela
821 2575 1004 2674 cosmogr.
1030 2571 1210 2646 indidem.

451 2721 489 2787 P.
510 2736 595 2801 522.
622 2722 660 2788 Ρ.
685 2718 787 2790 Mela
808 2715 854 2790 de
875 2714 899 2788 s.
919 2740 955 2789 0.
979 2739 1065 2787 cum
1087 2712 1187 2787 notia
1208 2737 1258 2786 ex
1273 2707 1419 2786 Ambro

376 2829 472 2908 siena
489 2839 703 2924 Mediolon.

452 2989 670 3066 Adfer-vatur
703 3007 885 3087 praeterea
915 2987 1031 3080 codex
1061 2989 1184 3062 Melae
1220 2989 1417 3060 chartaceus

377 3127 536 3181 exeunte
553 3110 637 3183 saec.
657 3131 713 3198 15.
736 3115 798 3184 vel
817 3110 969 3184 ineunte
985 3111 1042 3182 16.
1065 3107 1220 3205 scriptus
1235 3109 1279 3180 in
1294 3098 1416 3188 biblio

294 3289 297 3307 .
377 3230 485 3302 theca
497 3227 803 3330 Augustinorum,
830 3231 933 3305 cuius
953 3255 1022 3330 ego
1035 3229 1249 3303 conlatione
1269 3225 1311 3298 in
1331 3217 1416 3294 mul·

375 3350 426 3422 tis
445 3351 540 3425 locis
560 3353 645 3427 usus
661 3354 759 3442 sum,
785 3352 982 3426 adiuvante
995 3349 1204 3449 Weigelio,
1230 3331 1415 3424 Drcadensi

375 3470 520 3543 medico
541 3475 779 3550 celeberrimo
801 3474 967 3572 mihique
988 3470 1218 3546 amicissimo.

451 3623 678 3699 Bibliotheca
703 3633 751 3699 D.
773 3628 894 3701 Marci
929 3631 1068 3699 Veneta
1098 3624 1269 3699 codicem
1302 3613 1413 3706 Meis!

376 3737 529 3837 possrdet
543 3745 760 3821 Bessarionis
780 3751 873 3822 olim
896 3748 938 3820 in
959 3737 998 3839 ’4.
1020 3747 1346 3820 membranaceum
1366 3730 1412 3807 f⁰¹

341 3953 345 3960 .
375 3864 459 3936 lior.
480 3887 562 3953 188.
580 3867 666 3941 saer.
686 3891 744 3954 15.
771 3871 829 3941 uti
843 3861 992 3941 discitur
1007 3891 1054 3940 ex
1070 3867 1293 3942 bibliotheca
1316 3847 1411 3948 ’001111

374 3987 595 4062 Msstorum
620 3993 752 4063 Latina
782 3997 829 4062 D.
853 3990 973 4062 Marci
1000 4006 1108 4082 1741.
1134 3989 1201 4062 sol.
1228 4011 1310 4087 pag·
1337 3995 1400 4062 15*

372 4130 517 4205 11889.
551 4129 589 4184 et
613 4135 661 4184 ex
685 4111 764 4187 eiua
789 4111 1000 4185 conlatione
1014 4105 1277 4187 humanissimi
1311 4124 1374 4197 aeq
