2816 4920
293 381 297 388 ·
363 370 409 438 01
553 371 560 378 “
642 361 905 424 rotaretur
945 363 1112 422 natta

364 535 523 612 vivunt.
572 535 735 640 Quippe
758 531 857 610 sesto
884 531 1038 635 semper
1069 533 1156 610 otio
1183 533 1277 610 laeti
1300 559 1376 612 non

366 671 471 750 bella
485 695 650 759 novere,
676 695 761 746 non
773 672 923 770 iurgia:
949 669 1065 746 sacris
1078 671 1244 772 operati,
1268 671 1376 744 maxi·

365 831 432 884 me
459 806 680 906 Apollinis,
722 831 900 905 quorum
927 807 1121 906 primitias
1152 806 1286 882 Delon
1312 805 1377 880 mi·

366 937 466 1030 fisse,
495 941 615 1016 initio
634 964 708 1040 per
726 941 903 1042 virgines
921 939 1027 1032 suas,
1056 939 1205 1018 deinde
1227 966 1297 1042 per
1313 965 1375 1042 po·

365 1077 508 1180 pulos,
547 1073 715 1152 subinde
753 1074 950 1152 tradentes
986 1077 1268 1164 ulterioribus,
1301 1099 1375 1150 mo·

364 1233 533 1310 remque
568 1235 665 1286 eum
695 1208 789 1300 diu,
835 1225 875 1286 et
904 1211 1034 1288 donea
1066 1213 1172 1292 vitio
1210 1211 1373 1311 gentium

365 1361 581 1423 temeratus
604 1342 679 1436 est,
713 1341 876 1422 servasse
905 1343 1148 1424 referuntur.
1206 1346 1374 1420 Habitant

363 1481 479 1560 lucos
511 1477 727 1582 silvasque,
776 1496 818 1556 et
848 1481 923 1557 ubi
949 1507 1017 1559 eos
1049 1481 1219 1558 vivendi
1241 1477 1373 1554 satietas

363 1618 511 1718 magia,
547 1641 668 1716 quam
696 1613 893 1706 taedium,
929 1618 1055 1718 cepit,
1084 1617 1249 1704 hilares,
1281 1611 1370 1688 redi·

301 1773 306 1786 ’
361 1751 454 1828 miti
468 1749 592 1842 sertis,
620 1748 741 1828 semet
758 1749 832 1852 ipsi
850 1752 894 1826 in
912 1753 1074 1853 pelagus
1094 1775 1144 1826 ex
1163 1766 1265 1824 certa
1285 1767 1369 1843 rupe

362 1886 597 1987 praecipites
626 1885 731 1960 dant
793 1885 841 1962 ld
863 1889 920 1962 eis
947 1884 1072 1962 funus
1104 1885 1290 1962 eximium
1313 1875 1366 1953 est.

324 2023 479 2108 zMare
501 2017 714 2120 Caspium,
750 2035 798 2096 ut
818 2019 1005 2122 angusto,
1040 2021 1096 2095 ita
1119 2021 1242 2120 longo
1266 2016 1364 2090 etiam

361 2152 479 2244 freto,
499 2155 679 2256 primum
699 2170 831 2244 terras,
856 2154 964 2256 quast
987 2153 1155 2244 fluvius,
1178 2150 1363 2248 irrumpit:

360 2303 482 2389 atque
508 2287 581 2363 ubi
602 2301 712 2363 recto
740 2288 854 2366 alv'eo
885 2285 1068 2381 influxit,
1102 2293 1149 2366 in
1173 2305 1248 2362 tres
1276 2283 1362 2359 smus

360 2417 626 2512 diffunditur:
667 2436 802 2498 contra
828 2447 873 2498 os
900 2423 1034 2525 ipsum
1064 2427 1111 2502 in
1139 2429 1361 2535 Hyrcanum

359 2555 413 2636 ad
440 2555 632 2634 sinistram
667 2556 712 2634 iu
745 2557 997 2657 Scythicum,
1038 2559 1092 2634 ad
1128 2559 1296 2658 dextram
1325 2551 1360 2622 in

358 2715 474 2784 eum,
502 2717 624 2793 quem
639 2695 801 2794 proprie
817 2709 857 2768 et
872 2695 996 2771 totius
1012 2695 1180 2770 nomine
1196 2686 1360 2788 Caspium

358 2825 581 2930 adpellant:
623 2851 744 2904 omne
767 2841 898 2916 atrox,
924 2825 1087 2906 saevum
1096 2807 1112 2918 ,¹
1142 2824 1220 2903 sine
1241 2833 1358 2924 portu·

357 2961 454 3052 bus,
481 2962 668 3064 procellis
686 2961 868 3062 undique
889 2961 1131 3065 expostum:
1173 2985 1215 3034 ac
1234 2948 1356 3031 belluis

354 3096 495 3196 magis,
524 3121 646 3194 quam
666 3109 805 3184 cetera,
833 3094 1038 3188 refertum,
1068 3113 1108 3172 et
1128 3095 1220 3172 ideo
1242 3089 1354 3164 miuus

317 3229 592 3330 unavigabile.
611 3253 613 3258 ·
630 3227 694 3304 Ad
707 3231 1001 3308 introeuntium
1019 3231 1194 3309 dextram
1210 3217 1352 3322 Scythae
1379 3239 1380 3244 ¹

354 3362 573 3454 Nomades,
596 3359 691 3440 sreti
712 3365 912 3456 litoribus,
934 3363 1118 3443 insident
1158 3369 1262 3439 Intus
1278 3351 1351 3428 stult

353 3493 406 3572 ad
431 3494 618 3598 Caspium
647 3496 778 3578 finum
803 3498 935 3602 Caspii
961 3513 1002 3576 et
1029 3505 1260 3580 Amazones,
1295 3475 1349 3556 sed

354 3653 451 3730 quaa
482 3633 771 3712 Sauromatidas
799 3633 1021 3743 adpellant:
1072 3635 1122 3712 ad
1142 3633 1348 3730 Hyrcanum

350 3765 513 3854 Albani,
550 3782 589 3842 et
610 3765 788 3859 Moschi,
816 3786 856 3845 et
879 3771 1076 3873 Hyrcani:
1118 3771 1162 3844 in
1185 3752 1346 3858 Scytbiw

348 3899 531 3989 Amardi,
570 3915 609 3974 et
637 3902 829 3994 Paesicae,
868 3907 1075 3982 etiamad
1098 3902 1240 3980 fretum
1260 3891 1345 3963 Der·

347 4031 463 4114 bicea.
504 4037 629 4118 Multi
643 4037 689 4114 iu
704 4063 753 4116 eo
769 4037 858 4118 fiuu
875 4044 1010 4144 magni
1028 4040 1215 4146 parvique
1229 4032 1341 4102 211111es
1364 4087 1365 4090 κ
