2816 4920
187 427 251 486 DE
285 425 397 482 stru
433 423 580 484 onata
617 427 708 518 m·
738 427 793 486 111.
837 425 869 485 C.
890 427 931 487 11.
1031 432 1074 498 δι

55 599 163 676 mine
182 595 329 687 sacrae,
362 595 636 698 illustrantque
657 612 776 674 terras
802 611 892 673 ante
916 597 1076 698 ignobi·

55 736 120 811 les.
176 735 228 809 At
249 732 298 807 ab
320 756 369 809 eo
393 731 584 825 flumine,
615 731 728 834 quod
753 733 897 810 Saliam
917 749 1075 826 vocant,
1085 747 1132 800 1⁰

54 868 257 972 incipiunt
271 893 362 944 orae
380 870 587 971 paullatim
610 868 805 958 recedere,
833 883 873 945 et
891 869 990 944 latae
1007 871 1076 946 ad·

54 1005 133 1082 huc
160 1003 369 1106 Hispaniae
393 1005 517 1105 magis
547 1006 752 1105 magisque
777 1001 899 1104 spatia
923 1020 1077 1081 contra-

54 1141 169 1228 here,
206 1164 336 1238 usque
363 1137 462 1217 adeo
488 1137 611 1214 semet
633 1139 747 1215 terris
765 1138 1076 1241 angustantibm,

54 1287 97 1350 at
124 1299 263 1350 earum
293 1270 464 1374 spatium
494 1275 599 1348 inter
630 1272 715 1350 duo
749 1276 872 1350 maria
901 1271 1075 1353 dimidio

53 1413 188 1486 minus
207 1409 265 1499 fit,
294 1434 372 1508 qua
391 1409 558 1484 Galliam
580 1424 760 1509 tangunt,
789 1435 910 1511 quam
932 1411 1005 1486 ubi
1025 1409 1076 1486 ad

53 1545 301 1622 occidentem
318 1545 414 1621 litua
436 1544 705 1644 exporrigunt.
763 1549 952 1622 Tractum
972 1547 1076 1624 Can·

1 1729 2 1732 =
53 1679 157 1756 tabri
184 1693 225 1754 at
260 1677 428 1755 Varduli
463 1693 609 1754 tenent
676 1678 969 1757 Cantabrorum
1005 1681 1077 1755 ali·
1158 1675 1161 1703 ¹

1 1829 2 1868 ³
53 1827 155 1916 quot
171 1815 316 1916 populi
338 1837 552 1914 amnesque
574 1811 685 1902 sunt,
718 1810 982 1916 [adquorum
1002 1840 1078 1892 no·
1159 1797 1164 1806 ’

1 2003 2 2006 ¹
53 1953 162 2027 mina
184 1947 319 2026 nollro
338 1973 409 2026 ore
429 1949 587 2050 concipi
608 1966 819 2050 nequeant
877 1956 951 2029 Per
968 1935 1077 2030 Con·

54 2111 172 2163 canos
195 2102 235 2161 et
257 2086 418 2162 Salenos
442 2085 658 2174 Saunium,
692 2111 766 2188 per
780 2087 1017 2188 Auntgonea
1037 2101 1077 2162 et

53 2218 379 2322 Origenomelcos
401 2217 556 2297 Nanasa
579 2218 803 2300 descendit:
844 2239 884 2298 et
905 2223 1077 2300 Devales

53 2359 233 2434 Tritium
250 2357 497 2434 Toboricum
515 2356 649 2457 cingit,
677 2373 716 2432 et
731 2359 903 2434 Decium
925 2359 1078 2449 Aturia,

1 2537 2 2544 κ
53 2507 91 2568 et
131 2489 351 2568 Oeasonem
378 2491 578 2592 Magrada.
635 2489 813 2584 Varduli,
847 2519 929 2570 una
969 2517 1077 2593 gena,

53 2629 151 2704 ltine
186 2625 237 2702 ad
264 2627 458 2727 Pyrenaei
492 2629 581 2728 iugi
606 2627 932 2729 promontorium
954 2631 1077 2734 perti·

53 2789 175 2854 nens,
205 2762 354 2839 claudit
371 2759 587 2866 Hispaniae.

426 3081 594 3162 CAP.
649 3083 703 3159 IL

184 3247 444 3330 Galliac
495 3273 602 3326 ora
655 3251 956 3328 exterior.

124 3443 333 3549 ·8equitur
353 3449 501 3524 Galliae
528 3449 630 3526 latua
656 3449 837 3540 alterum,
873 3449 990 3526 cuius
1010 3473 1112 3527 orat

55 3585 192 3689 primo
209 3585 312 3661 nihil
328 3581 523 3686 progrella
544 3587 589 3662 in
612 3586 755 3676 altum,
786 3609 882 3662 mox
904 3601 1080 3661 tantum·

55 3721 151 3800 dem
187 3745 311 3824 paene
346 3721 392 3795 in
427 3719 591 3822 pelagus
628 3719 840 3812 excedens,
880 3736 1080 3821 quantum

53 3873 164 3935 retro
189 3853 376 3957 Hispania
402 3849 642 3947 abscell'erat,
682 3856 925 3934 Cantabricis
944 3853 988 3930 fit
1010 3851 1079 3930 ad·

54 3991 167 4072 versa
193 3995 328 4082 terris,
362 4005 402 4066 et
431 3987 571 4093 grandi
606 3992 777 4070 circuitu
804 3989 985 4081 amflexa,
1027 3985 1077 4062 ad

57 4127 307 4208 occidentem
331 4128 428 4206 litua
452 4125 633 4208 advertit.
694 4133 812 4207 Tunc
838 4125 889 4202 ad
912 4123 1079 4228 septem·
