2816 4920
371 403 415 486 ‘4
454 451 456 456 -
648 407 906 468 tonantur
947 405 1119 468 natan
1175 445 1179 456 .

369 581 509 668 intrat,
536 575 764 682 accelluque
785 581 957 658 aliorum
977 581 1253 656 amniumiam
1271 601 1366 682 gran·

368 713 450 806 dis,
486 733 527 790 et
546 713 714 792 subinde
733 713 939 816 grandior,
973 718 1079 791 inter
1098 717 1237 792 Valeas
1257 729 1293 790 et
1308 717 1367 793 Ga·

332 859 480 928 6varas
507 851 712 928 emittitur.
768 850 881 925 Ultra
901 846 993 926 lunt
1012 849 1147 952 ¹stagna
1167 851 1367 938 Volcarum,

366 972 525 1064 Ledum
541 985 715 1074 flumen,
745 983 947 1061 castellum
964 991 1122 1075 Latera,
1149 982 1284 1062 Mesua
1301 985 1367 1059 col·

365 1123 436 1210 lis,
474 1121 672 1197 incinctus
695 1119 796 1194 mari
819 1144 945 1220 paene
975 1119 1177 1221 undique,
1214 1113 1366 1213 κομιῶ

364 1254 479 1356 quod
519 1251 684 1356 angusto
718 1278 859 1356 aggere
894 1255 1117 1332 continenti
1152 1253 1366 1339 adnectitur,

364 1389 504 1468 insula.
560 1396 670 1467 Tum
706 1415 755 1464 ex
790 1387 989 1467 Cebennis
1015 1386 1204 1466 demiffus
1229 1387 1391 1488 Arauris*

363 1527 473 1602 iuxta
488 1525 679 1626 Agathan,
699 1522 919 1601 secundum
935 1527 1133 1602 Baeterras
1150 1524 1265 1600 Orbis
1281 1519 1363 1596 fluit

363 1663 464 1738 Atax
485 1683 534 1736 ex
555 1665 759 1761 Pyrenaeo
791 1674 930 1736 monte
962 1655 1180 1760 degrellus‚
1216 1650 1360 1756 quat·

362 1793 487 1897 fontis
515 1797 628 1894 aquis
652 1796 781 1884 venit,
808 1795 974 1894 exiguus
1002 1793 1209 1895 vadasque
1231 1789 1300 1880 est;
1334 1799 1364 1860 et

361 1930 443 2008 iam
468 1932 640 2030 ingentis
671 1931 854 2028 alioquin
882 1929 986 2005 alvei
1014 1944 1173 2018 tenens,
1217 1922 1289 2000 nitt
1307 1919 1362 1998 ubi

361 2065 595 2142 Narbonem
614 2063 794 2163 adtingit,
819 2089 1016 2164 nusquam
1033 2062 1283 2164 navigabilis:
1308 2051 1362 2130 led

361 2225 456 2274 eum
490 2199 669 2274 hibernis
698 2199 894 2276 intumuit
921 2198 1144 2287 imbribus,
1181 2217 1302 2296 usque
1320 2213 1359 2264 eo

358 2331 501 2410 solitus
516 2331 733 2434 insurgere,
758 2349 805 2422 ut
820 2331 957 2432 seipse
973 2358 1058 2408 non
1076 2335 1214 2433 capiat.
1257 2335 1360 2404 Lacus

359 2469 502 2568 accipit
534 2493 628 2547 eum
656 2463 857 2544 Rubresus
882 2469 1068 2557 nomine,
1102 2463 1287 2570 spatiosus
1307 2456 1360 2534 ad·

358 2602 547 2693 modurn,
576 2601 743 2702 sedqua
763 2627 870 2678 mare
886 2601 1076 2691 admittit,
1103 2603 1236 2677 tenuis
1255 2595 1358 2671 aditu.

323 2741 473 2825 7Ultra
498 2737 553 2816 est
573 2744 761 2826 Leucata,
797 2737 926 2814 litoris
953 2761 1121 2825 nomen,
1154 2751 1193 2811 et
1210 2725 1359 2809 Salsulae

356 2872 467 2963 fons,
495 2900 579 2952 non
597 2873 783 2950 dulcibus
800 2873 914 2969 aquis
929 2869 1132 2960 defluens,
1163 2867 1230 2944 sed
1251 2857 1359 2940 sallia·

355 3006 468 3102 ribus
488 3010 626 3097 etiam,
654 3032 774 3108 quam
798 3009 973 3080 marinae
994 3002 1107 3081 sunt:
1143 3007 1252 3080 iuxta
1272 3015 1358 3070 cam·

354 3167 432 3244 pus
466 3143 623 3218 minuta
645 3127 856 3222 ¹arundine
894 3140 1112 3240 gracilique
1152 3127 1357 3241 parasitidis»

355 3293 531 3353 ceterum
553 3273 686 3377 stagno
707 3273 902 3350 subeunte
927 3270 1142 3376 suspensus,
1182 3261 1356 3348 Id-mani·

353 3407 466 3488 festat
483 3409 616 3487 media
635 3435 723 3514 pars
746 3412 853 3499 eius,
881 3434 984 3510 quae
999 3405 1154 3484 abscilla
1171 3397 1355 3509 proximi&

353 3546 467 3621 velut
495 3542 625 3642 insula
654 3559 779 3634 natat,
817 3545 995 3646 pellique
1015 3541 1054 3618 se
1080 3559 1197 3645 atque
1219 3525 1354 3614 adtrahi

250 3739 255 3756 .
353 3681 511 3782 patitur.
571 3680 681 3786 Quin
701 3694 741 3753 et
762 3701 810 3754 ex
827 3681 897 3769 iis,
933 3703 1034 3779 quae
1060 3679 1110 3754 ad
1136 3681 1260 3753 imum
1279 3683 1354 3766 per·

352 3813 448 3894 folla
466 3814 577 3905 sunt,
605 3810 814 3890 subtatum
834 3839 942 3890 mare
965 3811 1196 3890 ostenditur.
1252 3792 1354 3878 Unde

353 3953 480 4029 Graiis
521 3947 743 4051 nostrisque
782 3950 900 4025 etiam
943 3949 1192 4037 auctoribus,
1229 3934 1351 4032 veritle

352 4086 594 4189 ignorantia,
623 4109 692 4172 an,
722 4083 1147 4192 prudentibusetiana,
1172 4057 1350 4158 mendacii
