2868 4930
306 363 419 414 cxxu
553 345 616 402 DE
657 343 924 402 POMPONIO
968 347 1101 406 Muta

382 533 442 602 8⁰·
492 509 715 609 Lugduni
752 516 1169 606 Batavorum1646.
1208 527 1270 590 tsi

408 673 448 737 Ρ.
469 671 521 736 Μ.
543 670 583 734 α.
593 667 664 765 ficu
686 669 770 734 orta
791 705 841 723 -
865 673 966 736 aaut
990 673 1188 765 rotyarflor,
1218 651 1340 738 Atetta

302 815 340 860 co
357 794 544 877 taogropltio
558 815 628 854 oum
644 793 729 882 notis
744 797 914 858 cerionem.
948 789 1200 860 Praemittitttr
1217 789 1340 860 vineti

301 909 348 982 tle
377 914 416 982 Ρ.
443 908 545 980 Mela
581 905 701 981 brevis
735 905 931 1004 expolitio,
975 907 1035 980 cui
1068 909 1339 1007 subiunguntur

299 1037 349 1106 H.
371 1027 544 1126 Stephani
572 1029 832 1125 prolegomena
858 1029 899 1100 in
927 1029 1069 1102 Melam
1099 1049 1136 1102 et
1157 1031 1336 1104 solinum.

298 1157 418 1224 Notae
439 1148 625 1220 variorum
644 1149 828 1242 pertinent
848 1151 893 1220 ed
911 1175 1042 1224 omnes
1065 1152 1150 1225 illos
1172 1171 1338 1226 auctores

297 1269 412 1343 modo
431 1270 641 1343 nominatos
662 1267 725 1358 stc,
760 1287 801 1341 ut
822 1272 921 1342 Mela
947 1273 1182 1366 interpretem
1210 1274 1338 1346 habeat

196 1425 202 1436 ·
297 1390 516 1480 olivarium,
536 1392 684 1464 Solinus
700 1390 927 1480 Delrionem,
946 1395 1115 1466 Aethicus
1129 1395 1335 1466 Simlarum.

296 1520 435 1587 Textus
458 1507 507 1584 est
532 1513 640 1608 plane
663 1511 827 1584 Olivarii.
889 1515 1006 1587 Multi
1025 1517 1118 1588 hanc
1136 1516 1336 1587 editionem

294 1651 603 1723 commemorant,
635 1633 813 1728 equibus
838 1631 883 1706 de
903 1642 997 1707 Bure
1018 1637 1058 1709 in
1086 1637 1336 1731 bibliotheque

293 1753 506 1830 instructive
527 1762 570 1829 T.
589 1779 621 1826 1.
643 1780 678 1850 p.
694 1773 754 1847 49.
787 1755 911 1842 „Jolie
930 1756 1069 1829 edition
1089 1756 1178 1828 allaz
1199 1757 1335 1828 recher-

295 1877 381 1952 che'e
404 1903 469 1972 par
490 1879 525 1948 la
548 1871 775 1948 commodite'
793 1877 844 1947 du
865 1875 1019 1964 format,
1051 1876 1117 1974 qui
1136 1877 1193 1948 lui
1212 1878 1334 1948 donne

294 1996 417 2098 entre'e
431 1998 520 2069 dans
535 1999 576 2069 la·
587 1994 784 2070 collection
806 1995 869 2067 des
889 1997 1097 2070 Elzevirs.“
1148 1998 1239 2074 Eius
1263 1999 1333 2069 ele·

293 2119 456 2217 gantiam
478 2116 604 2190 laudat
633 2115 744 2188 etiam
773 2124 959 2189 Crevenna
985 2117 1026 2189 in
1051 2118 1243 2216 catalogue
1265 2118 1336 2190 rai*

292 2236 407 2312 lonae
425 2263 460 2333 p.
477 2261 523 2310 αα
561 2255 597 2309 et
617 2235 657 2309 in
679 2239 868 2335 catalogue
884 2239 946 2311 des
967 2239 1077 2309 livres
1093 2239 1175 2310 Vol.
1191 2257 1226 2330 4.
1243 2267 1277 2336 p.
1295 2261 1329 2329 7.

290 2359 368 2458 lpse
383 2382 462 2430 eam
477 2357 715 2456 usucognovi
734 2357 909 2430 beneficio
927 2359 1166 2430 bibliothecae
1180 2360 1329 2432 Ducalis

290 2477 524 2556 vinarienlis.
568 2479 638 2554 Sed
665 2479 772 2555 etin
801 2479 883 2554 aliis
913 2479 1147 2554 bibliothecis
1169 2477 1251 2576 post
1271 2481 1331 2553 de·

286 2601 479 2701 prehendi.

289 2879 371 2949 v11.
398 2883 527 2947 Aetas
553 2871 701 2975 Vassis·
719 2894 758 2945 et
782 2879 1083 2945 Gronoviorum
1108 2877 1162 2942 ad
1186 2877 1325 2978 nostra

703 3017 903 3086 tempora.

441 3183 500 3250 31.
554 3167 708 3260 Hagno,
735 3163 965 3268 Comitum
994 3167 1102 3250 1653.
1135 3181 1172 3257 4.

364 3310 457 3377 Cum
479 3302 520 3376 ls.
537 3299 645 3376 Voffii
667 3303 996 3396 observationibus,
1022 3306 1086 3401 qui
1101 3305 1244 3377 multos
1264 3327 1322 3376 co·

287 3427 387 3500 elices
411 3425 655 3513 consuluerat,
693 3427 779 3499 licet
800 3452 878 3499 non
900 3445 993 3499 certa
1017 3425 1152 3521 semper
1172 3441 1322 3522 tutaque

285 3548 376 3634 fide,
408 3546 508 3642 quod
530 3542 752 3640 posteriores,
783 3571 879 3622 nova
902 3547 997 3620 facta
1018 3547 1236 3634 conlatione,
1260 3545 1320 3618 vel

286 3667 557 3765 exploratione,
591 3687 837 3756 monuerunt,
875 3685 957 3739 tunt
981 3668 1106 3761 plures
1130 3667 1175 3737 de
1199 3667 1321 3761 aliqua

283 3791 441 3863 lectione
461 3781 586 3882 p'allttu
606 3787 729 3876 iactet,
760 3813 870 3886 quem
890 3789 931 3860 in
955 3813 1030 3859 uno
1054 3803 1198 3858 tantum
1220 3787 1321 3858 inve·

283 3930 405 3998 uerat,
445 3910 511 4006 qui
534 3903 613 4003 post
636 3905 794 3981 Volliani
820 3933 851 3980 1.
878 3908 1028 3980 nomine
1057 3905 1318 4003 frequentatur.

284 4039 404 4132 Quam
419 4030 569 4131 quidem
589 4031 772 4106 maculam
790 4055 811 4104 a
831 4037 860 4104 L
877 4029 1064 4106 Gronovio
1079 4029 1139 4100 illi
1153 4028 1241 4104 vivo
1258 4026 1320 4100 ad·
