2868 4930
337 439 468 496 :evm
591 419 656 482 DE
695 421 971 485 POMPONIO
1012 423 1147 488 MELA

341 597 445 670 tione
452 617 466 680 3
490 594 547 662 ini
561 611 695 688 nempe
707 587 851 690 subsellii
864 595 1052 694 aaagyirnaa
1069 591 1149 666 eiua
1161 610 1370 666 commenta

340 718 443 794 rium
464 709 627 810 prodam.
675 709 771 799 Alii,
796 735 1021 809 quamquam
1041 710 1117 788 fine
1133 715 1242 788 laude
1259 715 1372 788 dimit·

343 853 448 922 tunt,
481 828 701 906 clementina
734 849 859 906 tamen
889 831 1066 910 iudicant.
1125 835 1243 910 Multi
1272 835 1372 908 etiam

342 973 489 1038 textum
504 953 583 1026 eim
595 951 830 1050 repetienmt,
850 953 1002 1051 quidam
1016 955 1058 1030 in
1071 955 1117 1031 iia
1132 955 1272 1030 adiecto
1283 979 1373 1030 com⁴

343 1075 542 1168 mentatio,
582 1071 684 1170 quod
714 1097 775 1145 me
803 1075 943 1164 movit,
978 1093 1021 1150 ut
1051 1094 1207 1151 aetatem
1232 1075 1374 1152 Olivtrii

346 1193 615 1276 constituerent·
668 1195 778 1292 Quod
795 1219 884 1269 vero
903 1193 1045 1272 Ernesti
1063 1197 1104 1272 in
1124 1197 1279 1272 Fabricii
1293 1197 1373 1272 bibl.

345 1328 395 1398 Τ.
406 1343 440 1392 a.
457 1339 539 1415 pag.
556 1335 617 1408 79.
636 1329 831 1410 praeeunte
846 1317 998 1414 quidem
1015 1319 1169 1394 schotto
1188 1320 1230 1393 in
1249 1315 1375 1417 praeit·

346 1443 462 1528 tione,
486 1434 588 1526 dicit,
614 1433 693 1508 eiua
718 1435 1003 1528 mammiano.
1028 1437 1067 1511 in
1088 1439 1203 1534 prieti
1224 1439 1375 1514 editione

347 1569 481 1660 (quam
494 1555 689 1654 intelligat,
713 1556 867 1656 ignoto)
891 1557 1016 1651 iactae,
1041 1559 1205 1634 Pintieni
1220 1556 1374 1648 fereeiie,

347 1705 435 1758 cnm
449 1701 634 1754 mnorcm
653 1677 747 1750 ratio
767 1677 862 1752 ferte
877 1679 1035 1754 minime
1048 1678 1229 1770 videatur,
1250 1699 1287 1756 et
1300 1679 1375 1752 Pin·

346 1799 442 1878 tiani
461 1795 736 1872 emendationes
759 1796 871 1874 serina
893 1799 1035 1876 emiliae
1056 1799 1125 1876 elie
1149 1823 1279 1876 omnea
1297 1795 1376 1874 aeia·

345 1939 449 2010 eant,
486 1919 529 1992 id
551 1919 604 1992 ita
628 1919 916 2020 intelligendum
945 1916 1012 2010 ast,
1053 1921 1260 1997 olivarium
1281 1937 1377 1994 antea

346 2045 444 2118 clam
465 2039 639 2112 Pintiano
662 2039 847 2138 subreptaa
872 2065 977 2136 epea,
1017 2058 1082 2114 aut
1105 2041 1146 2114 in
1173 2043 1302 2118 scholia
1324 2065 1377 2114 ex·

347 2179 469 2258 captae
491 2181 559 2256 pao
576 2157 651 2233 suit
665 2156 784 2258 postea
800 2178 938 2236 temere
956 2159 1161 2235 venditaiie.
1214 2164 1290 2261 ipsa
1307 2160 1377 2260 qui·

347 2283 434 2356 dem
451 2277 642 2354 Pintitnua
663 2281 708 2352 ad
725 2282 867 2354 Melam
883 2303 916 2370 a,
935 2303 1067 2378 19,15.
1090 2284 1265 2382 queritur,
1286 2279 1376 2382 quod

346 2398 588 2476 correctionea
606 2399 734 2497 ipfius,
759 2402 805 2474 ab
820 2402 1052 2478 auditoribua
1067 2405 1240 2502 vulgatae
1256 2424 1291 2478 et
1305 2403 1376 2476 sub-

345 2523 434 2598 inde
448 2523 489 2594 in
505 2523 711 2594 multorum
724 2547 828 2595 aurea
841 2521 1072 2614 transmissae,
1094 2523 1293 2600 dominum
1304 2549 1377 2598 mu·

345 2643 517 2720 tamine
565 2641 707 2742 Quibua
732 2642 856 2717 verbia
879 2641 1060 2739 subpreiio
1087 2645 1244 2719 nomine
1265 2645 1376 2722 Oliva·

343 2767 444 2844 rium
467 2757 676 2862 petstdngi,
705 2781 835 2836 monet
857 2763 912 2836 ibi
934 2765 1115 2839 schottus.
1167 2772 1280 2839 Recte
1303 2765 1376 2862 qui·

343 2888 449 2975 dem,
482 2883 583 2984 quod
602 2905 659 2956 teo
681 2881 755 2982 ipsa
775 2885 895 2958 docet.
945 2891 1087 2982 Nempe
1107 2886 1261 2959 eandem
1280 2887 1374 2974 iiiia!

342 3006 419 3082 loci
445 3003 740 3076 emendationem
759 3005 842 3078 suae
862 3005 1044 3104 sagacitati
1063 3007 1241 3080 tribuerat
1261 3008 1376 3082 Oliva·

341 3126 420 3200 rina
441 3123 626 3220 aliamque
644 3147 691 3194 ex
715 3125 781 3197 lib.
800 3149 834 3213 a,
858 3149 893 3214 o,
915 3145 952 3218 4.
984 3151 1096 3226 quam
1120 3127 1282 3227 exempli
1296 3129 1374 3200 loto

80 3229 85 3240 ¹
173 3255 180 3267 '
341 3242 509 3343 adposuit
528 3243 736 3318 Pintianua.
785 3245 966 3320 Adfirmat
986 3243 1109 3322 autem
1135 3251 1197 3322 hic
1214 3248 1269 3322 ad-
1285 3249 1375 3345 prio·

340 3388 422 3442 rem
440 3363 570 3438 locum
593 3361 699 3462 septe
723 3381 914 3458 notatum,
946 3369 982 3442 se
1004 3365 1104 3461 istae,
1135 3391 1224 3444 cum
1247 3386 1374 3468 quarto

340 3485 485 3558 decimo
503 3510 602 3560 anno
619 3504 722 3578 ante,
748 3511 860 3583 quam
871 3491 1121 3588 Pomponium
1140 3491 1373 3566 Salmanticae

339 3603 545 3695 enarraiiet,
576 3607 812 3706 proposadiie,
844 3605 1040 3708 testemque
1068 3611 1276 3686 universam
1302 3613 1372 3686 Sal·

336 3727 596 3802 mantiaensem
609 3727 831 3802 academiam
846 3730 993 3804 excitat.
1026 3738 1125 3806 Tum
1137 3755 1227 3808 veto
1240 3732 1371 3808 Pintia·

335 3871 406 3922 nna
427 3843 677 3948 mitigationes
691 3847 770 3923 suaa
785 3849 863 3924 non
883 3875 982 3925 anno
1001 3850 1154 3926 demum
1170 3869 1279 3944 1545.
1310 3851 1370 3950 qui

334 3964 378 4061 ¹⁸)
392 3965 524 4059 fertur,
555 3967 691 4060 edidit,
719 3969 805 4067 quia
825 3970 1011 4048 ficanntta
1027 3990 1131 4048 exeat
1156 3995 1265 4070 ¹639·
1288 3995 1369 4050 cum

377 4117 432 4192 aa)
451 4103 521 4181 vti.
542 4117 621 4174 inira
639 4116 676 4176 da
696 4117 843 4180 Pintiano.
984 4133 987 4138 ’
1085 4147 1089 4154 ·
1237 4121 1240 4126 ’
