2868 4930
448 396 550 456 cir.
590 399 698 459 vua.
955 415 1093 466 cxxxv

72 561 165 662 sequi,
187 585 252 636 nee
264 578 385 636 tamen
406 587 515 637 ereeo
529 557 663 650 sludio,
688 559 747 634 sed
759 559 822 634 vel
836 583 883 634 ex
901 562 1089 642 oodieibm

71 709 166 760 novae
186 686 357 759 lectiones
377 681 621 782 depromfille,
645 687 707 758 vel
721 684 875 758 illorum
896 685 1086 780 lectionea,

71 805 209 882 tl'oslio
232 808 465 898 immutatae,
505 825 569 880 aut
599 809 782 904 neglectae
812 807 1007 900 revocasse,
1041 826 1086 883 ut

70 955 96 1020 t,
109 953 138 1018 3,
157 953 210 1002 to.
234 969 286 985 -
327 925 489 1004 Admidla
504 945 627 1001 tamen
645 925 852 1000 etiamsunt
866 927 956 1000 vitia
977 945 1083 1026 typo-

69 1051 229 1151 graphica,
259 1049 305 1122 de
327 1049 461 1146 quibua
484 1067 579 1122 certe
597 1047 826 1122 monendum
848 1066 940 1138 erat,
970 1074 1019 1123 ne
1040 1049 1083 1126 in

68 1171 309 1244 dubitationem
329 1193 363 1244 et
384 1169 623 1270 suspicionem
644 1187 804 1269 receptae
823 1168 1000 1244 lectiones
1024 1170 1083 1246 in·

66 1312 242 1383 mererent,
270 1293 313 1366 in
334 1293 464 1390 primia
483 1318 570 1366 eum
591 1293 678 1366 illae
695 1289 788 1387 ipsae
808 1293 850 1364 in
870 1292 983 1367 vuriia
999 1292 1079 1368 eiua

65 1415 259 1488 editionibus
274 1439 294 1487 a
311 1412 345 1486 se
360 1413 520 1490 invicem
533 1411 662 1511 pamm
681 1411 910 1505 dissentiQ
935 1413 981 1490 de
1001 1439 1077 1518 quo

65 1535 99 1608 cs.
111 1537 152 1609 ad
164 1561 246 1610 ann.
265 1555 375 1626 1775.
1144 1535 1153 1546 “

289 1813 352 1886 97.
409 1788 601 1889 Lipsiae
629 1811 738 1884 1773.
773 1809 809 1880 a.

116 1953 254 2045 Editor,
278 1953 381 2054 quod
395 1981 442 2030 ex
454 1953 681 2057 praefatione
702 1953 866 2044 discitur,
889 1949 963 2027 suit
978 1955 1072 2054 Aug.

59 2077 151 2151 wiltu
169 2075 330 2168 Ernesti,
363 2077 594 2176 eloquentiae
619 2075 716 2152 Pros-
742 2075 839 2174 Lips.
874 2075 939 2173 qui
959 2072 1075 2172 repeti

58 2194 135 2270 iullit
155 2217 298 2272 textum
320 2201 602 2275 Gronovianum
624 2225 710 2272 cum
730 2199 869 2287 indice,
900 2193 1072 2292 adspersio

58 2319 91 2390 td
106 2322 229 2394 calcem
246 2321 471 2418 quibusdam
489 2322 648 2396 eliorum
668 2321 769 2395 notis
789 2319 830 2392 in
851 2318 958 2392 usum
973 2317 1072 2392 soluo·

57 2439 161 2514 latum.
209 2442 404 2517 Aberravit
425 2461 548 2516 tamen
573 2443 766 2539 aliquoties
783 2441 824 2515 in
840 2457 945 2514 textu
965 2456 1072 2538 typo-

58 2559 153 2636 tbetae
173 2587 326 2658 mantua,
360 2565 463 2666 quod
487 2583 526 2640 et
548 2564 712 2665 Keppiua
736 2563 885 2638 montait
908 2561 950 2635 in
969 2583 1072 2660 prae·

58 2677 179 2758 satione.

143 2957 201 3036 98.
253 2937 416 3013 euriae
445 2937 756 3040 neguitianae
786 2955 895 3034 1774.
922 2953 957 3022 ε.

108 3113 260 3184 Auctore
283 3117 337 3185 lo.
357 3112 500 3212 Kappio
523 3139 569 3186 ex
595 3109 801 3186 recensione
822 3117 865 3184 A.
886 3099 1069 3182 Gronovii

54 3247 120 3302 eum
138 3233 311 3306 verietate
339 3234 507 3308 lectionia
527 3233 745 3332 Kappiauae
804 3225 998 3304 Utililbma
1018 3221 1067 3300 est

52 3344 120 3424 lnce
133 3353 248 3428 editio·
261 3371 298 3426 et
317 3354 497 3428 iuvenum
509 3349 634 3430 studiis
655 3353 944 3440 accommodata,
969 3371 1068 3445 pree·

50 3461 103 3542 ilat
127 3475 235 3548 etiam
266 3475 407 3566 indice,
447 3477 511 3574 qui
536 3501 615 3550 non
635 3473 755 3549 solum
779 3471 1068 3570 penultimarum

50 3585 248 3680 syllabarum
278 3597 522 3694 quantitatem
554 3599 595 3672 in
623 3597 794 3671 locorum
830 3592 1068 3694 gentiumque

50 3715 244 3792 nominibua
267 3716 384 3818 signat
404 3735 442 3790 et
463 3699 682 3818 ple'rumque
708 3718 925 3793 hodiernam
947 3713 1068 3810 adpel-

49 3829 204 3912 lttionem
226 3839 343 3929 addit,
367 3837 429 3912 sed
445 3857 492 3932 et,
523 3841 692 3937 quamvia
712 3839 866 3937 parciua,
891 3834 1067 3908 Latinita-

49 3966 109 4029 tem
123 3963 241 4034 Melae
262 3959 479 4058 sensumque
498 3961 697 4035 verborum
718 3961 895 4058 explicat,
931 3973 997 4030 aut
1012 3955 1068 4028 in·

49 4071 162 4156 lustret.
197 4089 337 4162 Textur
351 4081 427 4184 ipsa
444 4079 556 4159 refert
571 4083 861 4160 &crevenum
