2868 4930
452 438 549 499 CH.
591 441 696 502 VIII·
989 465 1089 516 cxm

35 601 231 690 desinunt3
256 617 295 676 et
308 603 473 703 neglecta
490 621 612 678 textus
627 601 706 678 ctili
719 610 955 708 geographico
965 619 1088 694 Melae

35 725 203 802 breviter
219 727 413 824 explicant.
455 731 590 825 Margo
609 744 732 802 textus
752 729 825 803 sert
847 733 972 830 passim
988 739 1087 811 loco·

37 875 124 926 rum
147 848 383 946 quorundam
401 847 666 944 adpellationeo
681 873 728 922 ex
745 853 955 928 Ptolemaeo
972 863 1086 936 maxi·

38 995 99 1046 mc
120 971 272 1044 sumtaa.
328 969 499 1044 Adiectae
523 971 669 1043 tabulae
691 971 737 1042 ab
761 971 810 1046 iis
834 977 929 1048 nihil
958 981 1088 1056 discre-

39 1111 151 1190 pant,
183 1115 273 1187 quea
293 1089 398 1185 supra
419 1089 466 1161 ad
488 1115 546 1162 au.
571 1111 678 1186 1595.
702 1097 840 1167 notavi.
893 1101 1088 1202 Descripsit

39 1213 138 1286 banc
150 1211 352 1284 editionem
369 1217 534 1309 Hagerua
549 1237 577 1282 c.
593 1213 619 1282 l.
636 1215 719 1284 Vol.
739 1237 769 1286 1.
785 1223 824 1289 Ρ.
842 1242 876 1308 3.
894 1246 929 1316 p.
944 1245 1028 1316 204.
1051 1244 1090 1300 et

38 1336 122 1410 Vol.
142 1359 176 1407 n.
199 1340 240 1406 Ρ.
260 1355 293 1422 7.
316 1359 353 1431 p.
377 1337 463 1419 516.
496 1335 560 1430 qui
586 1333 690 1406 illam
714 1335 927 1434 inspexerat.
979 1339 1107 1442 Quod¹

39 1456 106 1531 nlu
128 1453 302 1551 cognovi,
327 1453 507 1526 consentit
523 1478 608 1526 cum
624 1452 709 1526 edit.
730 1457 831 1530 Ball.
847 1485 904 1532 an.
926 1471 1032 1558 1564.
1054 1489 1089 1557 3.

42 1578 158 1650 etiam
181 1575 225 1648 in
242 1575 289 1648 iis
308 1573 419 1666 locia,
450 1573 518 1647 ubi
537 1573 603 1646 ille
621 1597 642 1646 a
662 1577 847 1672 Vediano,
874 1582 938 1658 etii
959 1591 1088 1682 tenua,

42 1695 206 1772 diseede.

284 1901 345 1992 64.
406 1895 618 1972 Basileae
647 1919 757 1991 1577.
788 1901 856 1978 fol.

117 2049 280 2134 vadiani
301 2047 504 2124 editionem
524 2075 610 2125 cum
630 2055 905 2136 commentariis
921 2061 1065 2160 repetit.

306 2269 366 2354 ⁶5.
428 2265 630 2341 etratus
660 2289 769 2361 1⁶7⁷·
803 2289 841 2366 ι..

123 2417 277 2494 Curavit
301 2417 449 2492 Henric.
476 2419 697 2513 Stephanus,
730 2422 796 2521 qui
822 2441 858 2496 et
883 2425 974 2499 alios
997 2427 1093 2504 eiua-

48 2543 133 2616 dem
148 2539 356 2640 argumenti
368 2539 555 2636 scriptores
571 2541 713 2632 adiecit,
737 2541 958 2638 Dionyfium
976 2553 1094 2624 Perie·
1203 2575 1207 2586 ·

50 2683 169 2764 getae,
192 2663 364 2734 Solinum
381 2678 418 2732 et
427 2661 632 2733 Aethicum.
665 2663 801 2736 Textui
816 2665 994 2740 subiectae
1009 2669 1093 2746 sunt

22 2813 28 2826 ·
51 2783 208 2861 Olivarii
230 2780 484 2855 adnotationes
504 2779 688 2877 praemissa
704 2783 941 2881 praefatione,
966 2791 1004 2862 in
1021 2817 1093 2888 qua

51 2908 155 2996 dicit,
181 2904 217 2977 se
238 2921 426 3000 propterea
445 2903 556 2974 etiam
576 2905 731 2976 Olivarii
753 2905 955 2980 editionem
977 2911 1094 2984 niaxi-

51 3053 108 3100 ma
133 3051 180 3100 ex
197 3041 300 3121 parte
320 3021 481 3100 secutum
497 3021 579 3113 elle,
602 3025 771 3098 lubenter
785 3029 950 3124 alioquin
966 3031 1095 3106 diacos·

52 3150 177 3223 surum
201 3165 237 3219 et
258 3143 500 3242 frequentius,
533 3171 568 3218 v.
587 3171 616 3220 c.
636 3147 678 3222 in
700 3149 898 3222 nominum
918 3148 1095 3250 scriptura

54 3271 121 3344 alia
145 3269 269 3358 aliter,
297 3293 343 3340 ex
358 3266 546 3342 vocabulis
568 3270 719 3340 nomint
741 3271 885 3366 propria
908 3269 1094 3350 facturum

52 3389 157 3464 suiss'e
189 3429 241 3446 -
291 3388 460 3460 Multum
481 3387 567 3460 inde
588 3389 753 3486 queritur
770 3388 815 3460 de
831 3390 1096 3488 depravationi·

11 3547 12 3552 ¹
54 3513 140 3600 bus,
168 3535 261 3608 quae
275 3507 346 3582 lint
361 3535 406 3582 ex
422 3504 511 3582 uett.
528 3509 633 3582 libris
649 3528 685 3582 et
703 3509 787 3582 aliia
810 3513 1020 3588 auctoribus
1043 3543 1096 3590 re·

55 3629 272 3719 [tituendae
310 3655 507 3726 earumque
543 3615 724 3728 proponit*
755 3633 925 3730 exempla
964 3637 1096 3732 aliqua.

13 3819 15 3856 i
55 3765 175 3852 Atque
189 3754 241 3824 ita
255 3751 415 3852 intelligi
429 3753 539 3824 debet
556 3749 903 3826 FabriciuaErnestii
918 3782 952 3852 p.
964 3779 1022 3850 79.
1033 3785 1062 3830 c.
1071 3761 1096 3830 1.

56 3901 141 3950 uun
157 3873 266 3961 dicit,
293 3887 437 3946 textum
454 3875 498 3946 ab
518 3899 562 3946 eo
582 3874 725 3970 aliquot
744 3874 837 3948 locis
860 3879 1098 3950 emendatum

57 3996 120 4070 elle
147 4023 194 4070 ex
217 3994 283 4068 usu
315 3995 570 4090 exemplorum
601 3995 939 4093 manuscriptorum.
1002 4004 1099 4070 Nam
1159 3979 1163 4066 J

16 4101 17 4132 ³
59 4118 176 4216 qualit
200 4115 383 4214 expressus
416 4117 568 4216 legitur,
609 4115 866 4216 fipaucislima
890 4119 974 4192 loce
999 4143 1100 4194 exco-

104 4271 149 4326 Dae
169 4271 267 4346 Pomp.
283 4269 377 4329 Mosa.
765 4251 792 4326 11
