2868 4930
372 85 387 164 l

353 429 428 475 cxl.
596 409 661 468 DE
703 405 979 516 Pqttteottto
1021 407 1151 468 MELA

349 577 479 658 verba,
510 591 619 675 atque
637 573 682 648 ad
703 571 918 648 scholiastae
938 573 1175 672 suspicionem
1195 572 1298 646 illum
1314 569 1366 646 tlt·

221 779 228 790 ,
349 699 503 774 «houm
523 695 673 786 venile,
707 697 807 794 quod
823 693 1050 784 Mtinsterue,
1074 714 1117 768 ut
1133 695 1208 768 luae
1220 713 1314 769 notae
1327 693 1373 766 ab·

350 819 574 896 Olivariania
593 813 839 916 distingueret,
864 819 1087 892 scholiorum
1107 818 1253 891 nomine
1268 813 1366 916 bgne·

347 944 416 1022 vit.
455 939 509 1017 cf.
531 939 577 1014 ad
592 965 677 1014 ann.
699 961 806 1029 1538.
823 955 860 1014 et
882 959 992 1032 1543.
1125 1038 1127 1042 ι

423 1108 693 1187 Adnotationes
715 1126 838 1182 autem
855 1110 940 1182 illae
954 1109 1121 1184 virorum
1137 1107 1317 1182 doctorum
1331 1103 1367 1177 in

346 1238 491 1312 Melam
520 1232 710 1330 adparatae
735 1231 776 1304 in
805 1230 1039 1306 bibliothecis
1063 1232 1126 1304 vel
1146 1229 1295 1329 publicis
1315 1225 1367 1300 vel

345 1357 501 1456 privatis
515 1357 650 1445 latent,
683 1377 772 1452 quas
792 1353 951 1426 indicare
969 1355 1030 1426 hic
1044 1353 1166 1451 paucis
1180 1376 1254 1425 non
1267 1347 1323 1420 abe
1334 1367 1366 1419 re

346 1479 414 1556 elle
436 1479 603 1552 arbitror.
652 1475 711 1550 Sic
729 1477 870 1550 Melam
891 1493 1098 1566 tentarunt,
1123 1476 1183 1550 vel
1200 1473 1240 1546 in
1253 1465 1366 1545 scholia

346 1602 577 1701 explicarunt

422 1760 623 1831 Duucanus,
664 1749 710 1823 de
742 1751 846 1826 cuiue
877 1749 976 1824 notia
1005 1747 1255 1847 manuscriptis
1282 1740 1366 1818 vttil

344 1876 522 1974 leguntur
543 1875 583 1944 in
610 1872 830 1946 auctoribus.
879 1873 937 1944 Sic
962 1871 1209 1944 Montfaucon
1231 1869 1269 1940 in
1290 1862 1366 1935 bibl.

345 1993 654 2090 bibliothecarum
676 1998 893 2067 MSStorum
916 2017 1011 2064 nova
1026 1999 1067 2064 T.
1087 2017 1121 2064 c.
1143 2019 1177 2089 p.
1198 1994 1277 2081 765.
1294 1987 1367 2058 haec

343 2115 472 2188 habete
512 2113 714 2203 „Duncani
728 2113 983 2188 adnotationes
1000 2114 1041 2186 in
1063 2114 1203 2186 librum
1223 2137 1252 2184 ι.
1276 2099 1368 2182 Pom&

343 2232 453 2334 ponii
473 2235 596 2308 Melae
614 2233 659 2305 de
673 2231 743 2306 [itu
757 2235 901 2309 orbie.“
941 2243 984 2308 ln
1006 2237 1173 2334 catalogo
1195 2229 1366 2305 bibliothe-

343 2380 406 2430 cae
430 2354 566 2454 Regiae
587 2381 624 2428 n.
642 2371 753 2448 4854.
779 2357 994 2454 producitur
1025 2357 1143 2466 codex
1168 2358 1365 2436 chartaceua,

343 2479 438 2552 olim
452 2475 730 2569 Mentellianue,
760 2479 826 2575 qui
841 2477 989 2550 videtur
1004 2479 1145 2551 saeculo
1166 2481 1221 2549 16.
1243 2472 1302 2546 elle
1316 2493 1366 2540 er·

343 2618 478 2688 aratus,
500 2605 537 2670 e't
556 2599 723 2672 continet
736 2599 911 2672 Duncani
930 2600 1170 2686 Marrudaeti,
1191 2597 1294 2684 scoti,
1317 2587 1367 2670 cd·

341 2723 552 2796 notationes
573 2721 614 2792 in
633 2727 760 2817 Pomp.
776 2717 916 2794 Melam
933 2720 979 2793 de
994 2720 1063 2792 [itu
1079 2721 1191 2793 orbis.
1228 2713 1372 2791 Histoire

341 2841 502 2918 literaire
517 2841 561 2912 de
582 2844 618 2914 la
634 2843 787 2931 France,
812 2867 903 2940 quae
925 2840 1132 2938 episcopum
1152 2841 1256 2927 facit,
1281 2843 1319 2909 T.
1337 2837 1366 2904 6.

340 2991 379 3063 p.
395 2981 469 3058 549
488 2962 535 3058 sq.
556 2943 642 3034 haec
663 2964 708 3036 de
736 2965 804 3036 illo
833 2965 1025 3062 leguntur:
1064 2969 1251 3054 „Duncan
1271 2985 1290 3030 a
1310 2954 1368 3028 tait

341 3081 429 3157 auffi
461 3085 523 3155 des
546 3081 793 3157 observatione
823 3083 881 3156 sur
902 3086 938 3156 le
960 3083 1054 3156 livre
1077 3083 1123 3157 de
1155 3079 1367 3178 Pomponius

340 3205 465 3294 Melu,
490 3203 668 3276 touchant
689 3203 723 3274 la
748 3203 920 3278 lituation
945 3205 989 3276 de
1009 3206 1046 3276 la
1067 3222 1172 3279 terre.
1224 3210 1279 3278 On
1299 3197 1369 3273 voit

340 3353 406 3426 par
429 3328 483 3416 lh,
517 3348 655 3422 que‘ce
677 3324 873 3421 profeffeur
896 3327 1034 3400 tachoit
1058 3325 1105 3399 de
1125 3326 1267 3398 donner
1286 3322 1305 3395 l
1322 3319 1368 3392 les

340 3445 507 3542 disciples
524 3449 682 3543 quelque
699 3466 791 3545 gout
802 3474 898 3546 pour
912 3449 947 3520 la
962 3447 1191 3547 geographie,
1213 3447 1276 3544 qui
1289 3441 1369 3516 e‘toit

339 3570 439 3642 alote
454 3565 482 3640 st
497 3567 814 3642 nniversellement
832 3568 1007 3668 negligee.
1058 3575 1119 3642 Sea
1134 3566 1369 3668 observatione

338 3690 376 3765 l'e
397 3703 573 3761 trouvent
599 3689 690 3760 dana
718 3690 756 3762 le
779 3691 981 3764 Manuscrit
1011 3689 1110 3764 cotte'
1141 3695 1251 3786 6659.
1274 3683 1369 3761 dela

339 3810 592 3906 bibliotheque
619 3809 670 3882 du
692 3811 807 3882 note

415 3986 590 4051 Frontonis
613 3985 745 4050 Dacaer'
769 3979 1025 4056 adnotatione·
1052 3995 1304 4055 memorantur
1329 3991 1369 4044 ex

339 4102 562 4181 bibliotheca
579 4099 742 4202 lleginae
755 4103 903 4177 sueciae
923 4103 965 4176 in
981 4103 1153 4178 Vaticana
1174 4128 1212 4176 n.
1229 4119 1314 4196 495.
1333 4093 1371 4166 in
