2856 4926
337 439 443 492 xvm
583 419 647 480 DE
689 419 959 480 romomo
999 423 1136 483 Muti

338 591 478 690 peilore
498 585 618 660 solent
636 589 790 687 Nostrum
813 615 913 668 mne,
945 587 1009 662 rei
1029 585 1187 664 omnino
1209 591 1383 666 sarmium.

339 711 441 786 Hine
456 731 546 784 vero
562 705 701 780 fectum
717 702 785 797 est,
810 725 853 782 ut
867 708 1024 783 editores
1044 709 1206 807 oepitum
1224 737 1383 786 numero

339 834 437 906 inte'r
469 829 505 902 ie
538 827 798 927 discreparent,
843 829 1014 926 pauciora
1053 830 1134 922 elii,
1173 831 1239 905 aiii
1275 833 1383 930 pluro

339 949 374 1049 ⁶>
394 949 630 1052 resonent·

413 1201 473 1272 An
494 1191 613 1290 ipsum
637 1176 778 1264 librum
801 1197 941 1269 Romae
973 1173 1165 1292 scripserit,
1207 1213 1251 1268 ut
1275 1213 1384 1294 putet

338 1311 540 1406 ⁹)v0ffius,
581 1314 681 1414 quod
713 1314 803 1387 citra
829 1311 996 1387 Tiberim
1019 1315 1059 1390 in
1085 1340 1130 1388 eo
1153 1317 1269 1391 lutere
1297 1319 1384 1392 loce

274 1432 276 1444 '
338 1436 588 1536 persequetur,
618 1459 778 1533 quorum
800 1429 887 1507 fitus
907 1429 1013 1510 iliter
1029 1433 1190 1510 conftnre
1211 1457 1382 1536 nequeat,

337 1583 416 1632 non
435 1551 484 1630 est
504 1557 655 1654 quidem
673 1581 694 1631 s
714 1545 803 1634 vero
825 1553 1007 1649 alienum,
1040 1555 1105 1632 etii
1127 1538 1217 1633 oerti
1238 1558 1384 1659 aliquid

336 1677 444 1759 fland
467 1678 608 1778 nequit.

732 1955 883 2026 CAP.
933 1957 980 2025 V.

364 2146 421 2198 nn
450 2139 684 2196 rntzetruts
709 2143 821 2192 tinne
852 2143 981 2194 vlnus
1010 2145 1063 2194 nt·
1092 2134 1356 2196 νηπυτίης.

411 2312 506 2381 Cum
536 2303 579 2402 in
617 2321 695 2376 tom
731 2300 830 2379 vesto
858 2321 1037 2380 terrarum
1067 2305 1156 2380 orbe
1187 2331 1267 2379 non
1300 2303 1385 2378 labi

334 2451 449 2528 poene
478 2423 636 2516 monstri
673 2423 790 2500 limile
806 2427 809 2438 '
828 2422 891 2516 fit,
936 2427 994 2500 uti
1025 2443 1123 2500 reete
1159 2429 1385 2523 pronuntiat

343 2546 607 2642 ¹)liesendius‚
639 2547 835 2648 inprimis
860 2545 888 2621 fi
912 2549 1134 2646 cogitemus,
1173 2573 1286 2644 quem
1316 2573 1385 2647 pe·

284 2683 286 2688 '
336 2694 421 2745 rum
444 2667 510 2742 ille
531 2671 717 2744 veteribus
738 2667 851 2773 fuerit
871 2671 1092 2765 exploratus,
1127 2693 1195 2741 nec
1216 2669 1383 2768 lingulas

333 2792 501 2894 regiones
522 2808 560 2862 et
578 2793 659 2864 loeo
680 2790 725 2863 ab
749 2790 827 2888 ipio
848 2791 1062 2887 Geographo
1083 2791 1176 2863 adiri
1196 2808 1234 2861 et
1255 2795 1384 2886 perlu-

333 2910 435 2988 strari
449 2910 557 3008 posin,
582 2935 693 3008 quam
712 2935 824 3009 porro
841 2909 993 2982 difficile
1014 2909 1126 2983 fuerit
1146 2911 1186 2983 in
1204 2935 1256 3000 es,
1282 2937 1384 3009 qune

333 3051 424 3105 tuno
445 3031 538 3121 fuit,
573 3033 756 3104 librorum
781 3032 934 3130 penurie
955 3047 992 3103 et
1011 3031 1178 3123 caritate,
1211 3035 1383 3110 eliorum

332 3153 558 3227 narrationes
586 3170 623 3225 et
654 3151 913 3248 descriptiones
952 3153 1166 3250 conquirere
1197 3171 1235 3226 et
1261 3158 1384 3250 peroi-

333 3299 436 3370 pere,
468 3272 611 3347 nemini
630 3275 769 3345 mirum
789 3273 908 3346 videri
931 3275 1083 3370 poterit,
1115 3273 1285 3367 iiMele,
1319 3279 1384 3351 ni·

332 3396 406 3469 mis
426 3395 580 3468 illorum
600 3395 815 3468 auctoritate
828 3393 1004 3486 confisus,
1038 3398 1100 3469 vel
1117 3397 1300 3472 incuriose
1321 3425 1384 3475 re·

375 3635 409 3705 6)
437 3634 624 3690 Recentiorer
656 3633 717 3689 fere
751 3632 823 3690 libri
873 3635 1034 3694 Gronoviis
1075 3639 1257 3704 institutum,
1290 3641 1379 3718 'quir

303 3711 308 3724 ‘
331 3720 423 3797 primi
443 3719 553 3776 iaciunt
573 3717 666 3794 sepite
685 3735 732 3790 ²9·
753 3719 822 3773 Rei·
871 3739 932 3774 non
954 3724 1026 3777 tenti
1042 3741 1118 3788 erat,
1141 3726 1213 3780 iacta
1230 3727 1377 3783 immute-

330 3803 450 3860 noldius
475 3803 561 3857 etiarn
581 3819 629 3858 αα.
658 3820 725 3855 cum
748 3801 821 3856 snti-
872 3803 953 3859 tione
982 3805 1054 3863 libri
1080 3809 1172 3865 liuius
1193 3811 1277 3866 dum
1308 3829 1377 3868 tur·

330 3889 448 3964 quiores
465 3885 588 3941 habeant
603 3901 714 3940 tanturn
730 3885 757 3940 6.
772 3883 821 3940 vel
870 3885 948 3952 bare,
964 3890 1014 3944 vel
1029 3892 1180 3968 impedire.

328 3973 417 4030 etiem·
435 3967 519 4046 plura
536 3986 584 4024 so.
601 3983 630 4024 et
646 3986 695 4025 ει.
739 3969 821 4023 Idem
912 3973 946 4040 7)
967 3974 1013 4028 Ad
1030 3991 1058 4039 α,
1075 3993 1102 4044 4,
1119 3995 1147 4050 9.

328 4055 496 4112 observetur
521 4053 553 4106 in
574 4051 698 4128 reliquis
725 4051 818 4110 libris.
917 4058 948 4126 r)
971 4059 1006 4112 In
1029 4061 1206 4137 antiquitate
1236 4062 1376 4124 Lufiterr.

325 4138 472 4218 Equidem
506 4135 626 4194 retinui
646 4136 781 4194 ordinem
803 4155 821 4194 s
869 4134 923 4198 h'b.
944 4157 974 4200 r:
987 4161 1017 4221 Ρ.
1039 4163 1088 4207 ιο.
