<?xml version="1.0" encoding="UTF-8"?>
<!DOCTYPE html PUBLIC "-//W3C//DTD XHTML 1.0 Transitional//EN"
    "http://www.w3.org/TR/xhtml1/DTD/xhtml1-transitional.dtd">
<html xmlns="http://www.w3.org/1999/xhtml" xml:lang="en" lang="en">
 <head>
  <title>
</title>
<meta http-equiv="Content-Type" content="text/html;charset=utf-8" />
  <meta name='ocr-system' content='tesseract 3.04.00' />
  <meta name='ocr-capabilities' content='ocr_page ocr_carea ocr_par ocr_line ocrx_word'/>
</head>
<body>
  <div class='ocr_page' id='page_1' title='image "./pomponiimelaede01melagoog_0265.png"; bbox 0 0 2816 4920; ppageno 0'>
   <div class='ocr_carea' id='block_1_1' title="bbox 179 415 1221 501">
    <p class='ocr_par' dir='ltr' id='par_1_1' title="bbox 179 415 1221 501">
     <span class='ocr_line' id='line_1_1' title="bbox 179 415 1221 501; baseline 0.011 -21"><span class='ocrx_word' id='word_1_1' title='bbox 179 415 948 484; x_wconf 75' lang='lat' dir='ltr'>onsrrnoaarstrn.1n.c.v11.</span> <span class='ocrx_word' id='word_1_2' title='bbox 1032 429 1087 501; x_wconf 75' lang='lat'>95.</span> <span class='ocrx_word' id='word_1_3' title='bbox 1216 415 1221 427; x_wconf 86' lang='lat'>&#39;</span> 
     </span>
    </p>
   </div>
   <div class='ocr_carea' id='block_1_2' title="bbox 4 587 1134 2180">
    <p class='ocr_par' dir='ltr' id='par_1_2' title="bbox 4 587 1134 2180">
     <span class='ocr_line' id='line_1_2' title="bbox 70 587 1077 692; baseline -0.002 -22"><span class='ocrx_word' id='word_1_4' title='bbox 70 595 139 670; x_wconf 88' lang='lat' dir='ltr'>iam</span> <span class='ocrx_word' id='word_1_5' title='bbox 165 591 204 669; x_wconf 83' lang='lat' dir='ltr'>le</span> <span class='ocrx_word' id='word_1_6' title='bbox 232 593 348 668; x_wconf 85' lang='lat' dir='ltr'>altius</span> <span class='ocrx_word' id='word_1_7' title='bbox 379 589 573 679; x_wconf 83' lang='lat' dir='ltr'>evehens,</span> <span class='ocrx_word' id='word_1_8' title='bbox 617 613 847 690; x_wconf 86' lang='lat' dir='ltr'>quanquam</span> <span class='ocrx_word' id='word_1_9' title='bbox 879 587 963 692; x_wconf 84' lang='lat' dir='ltr'>ipse</span> <span class='ocrx_word' id='word_1_10' title='bbox 989 616 1077 668; x_wconf 89' lang='lat' dir='ltr'>non</span> 
     </span>
     <span class='ocr_line' id='line_1_3' title="bbox 70 721 1079 826; baseline -0.001 -22"><span class='ocrx_word' id='word_1_11' title='bbox 70 742 258 817; x_wconf 83' lang='lat' dir='ltr'>cernatur,</span> <span class='ocrx_word' id='word_1_12' title='bbox 298 727 434 803; x_wconf 88' lang='lat' dir='ltr'>vicino</span> <span class='ocrx_word' id='word_1_13' title='bbox 475 741 606 800; x_wconf 88' lang='lat' dir='ltr'>tamen</span> <span class='ocrx_word' id='word_1_14' title='bbox 641 721 853 826; x_wconf 83' lang='lat' dir='ltr'>splendore</span> <span class='ocrx_word' id='word_1_15' title='bbox 894 727 1079 826; x_wconf 81' lang='lat' dir='ltr'>proxima</span> 
     </span>
     <span class='ocr_line' id='line_1_4' title="bbox 69 857 1079 962; baseline -0.002 -22"><span class='ocrx_word' id='word_1_16' title='bbox 69 861 244 940; x_wconf 85' lang='lat' dir='ltr'>illustrat:</span> <span class='ocrx_word' id='word_1_17' title='bbox 296 887 369 962; x_wconf 85' lang='lat' dir='ltr'>per</span> <span class='ocrx_word' id='word_1_18' title='bbox 395 857 606 938; x_wconf 81' lang='lat' dir='ltr'>solstitium</span> <span class='ocrx_word' id='word_1_19' title='bbox 637 885 734 936; x_wconf 86' lang='lat' dir='ltr'>vero</span> <span class='ocrx_word' id='word_1_20' title='bbox 771 860 926 949; x_wconf 88' lang='lat' dir='ltr'>nullae,</span> <span class='ocrx_word' id='word_1_21' title='bbox 964 859 1079 961; x_wconf 84' lang='lat' dir='ltr'>quod</span> 
     </span>
     <span class='ocr_line' id='line_1_5' title="bbox 69 993 1079 1094; baseline -0.001 -22"><span class='ocrx_word' id='word_1_22' title='bbox 69 1013 154 1072; x_wconf 85' lang='lat' dir='ltr'>tunc</span> <span class='ocrx_word' id='word_1_23' title='bbox 168 997 247 1072; x_wconf 93' lang='lat' dir='ltr'>iam</span> <span class='ocrx_word' id='word_1_24' title='bbox 263 993 509 1071; x_wconf 85' lang='lat' dir='ltr'>manifestior</span> <span class='ocrx_word' id='word_1_25' title='bbox 524 1021 608 1072; x_wconf 89' lang='lat' dir='ltr'>non</span> <span class='ocrx_word' id='word_1_26' title='bbox 623 995 824 1094; x_wconf 76' lang='lat' dir='ltr'><strong>fulgorem</strong></span> <span class='ocrx_word' id='word_1_27' title='bbox 844 993 981 1084; x_wconf 90' lang='lat' dir='ltr'>modo,</span> <span class='ocrx_word' id='word_1_28' title='bbox 1009 993 1079 1071; x_wconf 83' lang='lat' dir='ltr'>sed</span> 
     </span>
     <span class='ocr_line' id='line_1_6' title="bbox 67 1128 1134 1232; baseline 0 -24"><span class='ocrx_word' id='word_1_29' title='bbox 67 1131 121 1208; x_wconf 83' lang='lat' dir='ltr'>sui</span> <span class='ocrx_word' id='word_1_30' title='bbox 140 1157 303 1232; x_wconf 89' lang='lat' dir='ltr'>quoque</span> <span class='ocrx_word' id='word_1_31' title='bbox 327 1147 479 1232; x_wconf 84' lang='lat' dir='ltr'>partem</span> <span class='ocrx_word' id='word_1_32' title='bbox 495 1131 706 1204; x_wconf 85' lang='lat' dir='ltr'>maximam</span> <span class='ocrx_word' id='word_1_33' title='bbox 729 1128 905 1207; x_wconf 76' lang='lat' dir='ltr'>ostentat.</span> <span class='ocrx_word' id='word_1_34' title='bbox 954 1132 1134 1232; x_wconf 79' lang='lat' dir='ltr'>Talgelo</span> 
     </span>
     <span class='ocr_line' id='line_1_7' title="bbox 67 1249 1079 1368; baseline 0 -26"><span class='ocrx_word' id='word_1_35' title='bbox 67 1269 104 1342; x_wconf 89' lang='lat' dir='ltr'>in</span> <span class='ocrx_word' id='word_1_36' title='bbox 121 1265 259 1368; x_wconf 83' lang='lat' dir='ltr'>Caspio</span> <span class='ocrx_word' id='word_1_37' title='bbox 277 1268 390 1355; x_wconf 89' lang='lat' dir='ltr'>mari,</span> <span class='ocrx_word' id='word_1_38' title='bbox 419 1261 498 1340; x_wconf 85' lang='lat' dir='ltr'>sme</span> <span class='ocrx_word' id='word_1_39' title='bbox 515 1266 630 1340; x_wconf 87' lang='lat' dir='ltr'>cultu</span> <span class='ocrx_word' id='word_1_40' title='bbox 646 1262 801 1354; x_wconf 83' lang='lat' dir='ltr'>fertilis,</span> <span class='ocrx_word' id='word_1_41' title='bbox 832 1249 944 1342; x_wconf 90' lang='lat' dir='ltr'>omni</span> <span class='ocrx_word' id='word_1_42' title='bbox 962 1264 1079 1368; x_wconf 83' lang='lat' dir='ltr'>fruge</span> 
     </span>
     <span class='ocr_line' id='line_1_8' title="bbox 68 1395 1079 1502; baseline 0 -26"><span class='ocrx_word' id='word_1_43' title='bbox 68 1427 104 1476; x_wconf 89' lang='lat' dir='ltr'>ac</span> <span class='ocrx_word' id='word_1_44' title='bbox 135 1399 336 1477; x_wconf 86' lang='lat' dir='ltr'>fructibus</span> <span class='ocrx_word' id='word_1_45' title='bbox 377 1396 602 1476; x_wconf 88' lang='lat' dir='ltr'>abundans:</span> <span class='ocrx_word' id='word_1_46' title='bbox 658 1395 727 1475; x_wconf 83' lang='lat' dir='ltr'>sed</span> <span class='ocrx_word' id='word_1_47' title='bbox 761 1399 888 1475; x_wconf 82' lang='lat' dir='ltr'>vicini</span> <span class='ocrx_word' id='word_1_48' title='bbox 922 1401 1079 1502; x_wconf 85' lang='lat' dir='ltr'>populi,</span> 
     </span>
     <span class='ocr_line' id='line_1_9' title="bbox 67 1532 1080 1638; baseline -0.003 -25"><span class='ocrx_word' id='word_1_49' title='bbox 67 1563 157 1637; x_wconf 89' lang='lat' dir='ltr'>quae</span> <span class='ocrx_word' id='word_1_50' title='bbox 179 1539 423 1638; x_wconf 82' lang='lat' dir='ltr'>gignuntur,</span> <span class='ocrx_word' id='word_1_51' title='bbox 459 1532 660 1636; x_wconf 84' lang='lat' dir='ltr'>adtingere</span> <span class='ocrx_word' id='word_1_52' title='bbox 678 1532 788 1610; x_wconf 82' lang='lat' dir='ltr'>nefas</span> <span class='ocrx_word' id='word_1_53' title='bbox 808 1549 847 1609; x_wconf 88' lang='lat' dir='ltr'>et</span> <span class='ocrx_word' id='word_1_54' title='bbox 867 1559 942 1635; x_wconf 90' lang='lat' dir='ltr'>pro</span> <span class='ocrx_word' id='word_1_55' title='bbox 964 1533 1080 1610; x_wconf 89' lang='lat' dir='ltr'>sacri·</span> 
     </span>
     <span class='ocr_line' id='line_1_10' title="bbox 4 1667 1080 1778; baseline -0.004 -28"><span class='ocrx_word' id='word_1_56' title='bbox 4 1769 5 1778; x_wconf 14' lang='lat'>¹</span> <span class='ocrx_word' id='word_1_57' title='bbox 66 1673 161 1773; x_wconf 82' lang='lat' dir='ltr'>legio</span> <span class='ocrx_word' id='word_1_58' title='bbox 186 1673 354 1758; x_wconf 86' lang='lat' dir='ltr'>habent,</span> <span class='ocrx_word' id='word_1_59' title='bbox 391 1672 481 1747; x_wconf 86' lang='lat' dir='ltr'>Diis</span> <span class='ocrx_word' id='word_1_60' title='bbox 504 1684 634 1770; x_wconf 87' lang='lat' dir='ltr'>parata</span> <span class='ocrx_word' id='word_1_61' title='bbox 657 1667 936 1759; x_wconf 81' lang='lat' dir='ltr'>existimantes,</span> <span class='ocrx_word' id='word_1_62' title='bbox 971 1671 1080 1746; x_wconf 81' lang='lat' dir='ltr'>Diis·</span> 
     </span>
     <span class='ocr_line' id='line_1_11' title="bbox 4 1803 1081 1906; baseline -0.002 -24"><span class='ocrx_word' id='word_1_63' title='bbox 4 1859 5 1862; x_wconf 21' lang='lat'>*</span> <span class='ocrx_word' id='word_1_64' title='bbox 67 1832 137 1906; x_wconf 87' lang='lat' dir='ltr'>que</span> <span class='ocrx_word' id='word_1_65' title='bbox 151 1805 352 1882; x_wconf 83' lang='lat' dir='ltr'>servanda.</span> <span class='ocrx_word' id='word_1_66' title='bbox 410 1805 577 1904; x_wconf 84' lang='lat' dir='ltr'>Aliquot</span> <span class='ocrx_word' id='word_1_67' title='bbox 598 1819 636 1878; x_wconf 93' lang='lat' dir='ltr'>et</span> <span class='ocrx_word' id='word_1_68' title='bbox 655 1805 736 1881; x_wconf 84' lang='lat' dir='ltr'>illis</span> <span class='ocrx_word' id='word_1_69' title='bbox 751 1805 860 1892; x_wconf 87' lang='lat' dir='ltr'>Oris,</span> <span class='ocrx_word' id='word_1_70' title='bbox 889 1829 987 1904; x_wconf 83' lang='lat' dir='ltr'>quas</span> <span class='ocrx_word' id='word_1_71' title='bbox 1009 1803 1081 1880; x_wconf 85' lang='lat' dir='ltr'>de·</span> 
     </span>
     <span class='ocr_line' id='line_1_12' title="bbox 67 1935 1080 2040; baseline 0.005 -26"><span class='ocrx_word' id='word_1_72' title='bbox 67 1939 173 2018; x_wconf 78' lang='lat' dir='ltr'>sertas</span> <span class='ocrx_word' id='word_1_73' title='bbox 189 1941 385 2028; x_wconf 73' lang='lat' dir='ltr'>dirimo,</span> <span class='ocrx_word' id='word_1_74' title='bbox 414 1963 537 2037; x_wconf 87' lang='lat' dir='ltr'>aeque</span> <span class='ocrx_word' id='word_1_75' title='bbox 554 1936 726 2014; x_wconf 79' lang='lat' dir='ltr'>desertae</span> <span class='ocrx_word' id='word_1_76' title='bbox 750 1935 950 2028; x_wconf 85' lang='lat' dir='ltr'>adiacent,</span> <span class='ocrx_word' id='word_1_77' title='bbox 982 1963 1080 2040; x_wconf 72' lang='lat' dir='ltr'>quas</span> 
     </span>
     <span class='ocr_line' id='line_1_13' title="bbox 67 2073 992 2180; baseline 0.001 -27.936"><span class='ocrx_word' id='word_1_78' title='bbox 67 2075 139 2152; x_wconf 85' lang='lat' dir='ltr'>line</span> <span class='ocrx_word' id='word_1_79' title='bbox 160 2077 335 2180; x_wconf 87' lang='lat' dir='ltr'>propriis</span> <span class='ocrx_word' id='word_1_80' title='bbox 357 2075 591 2152; x_wconf 86' lang='lat' dir='ltr'>nominibus</span> <span class='ocrx_word' id='word_1_81' title='bbox 613 2073 814 2177; x_wconf 81' lang='lat' dir='ltr'>Scythicae</span> <span class='ocrx_word' id='word_1_82' title='bbox 835 2089 992 2153; x_wconf 82' lang='lat' dir='ltr'>vocant.</span> 
     </span>
    </p>
   </div>
   <div class='ocr_carea' id='block_1_3' title="bbox 409 2393 726 2478">
    <p class='ocr_par' dir='ltr' id='par_1_3' title="bbox 409 2393 726 2478">
     <span class='ocr_line' id='line_1_14' title="bbox 409 2393 726 2478; baseline 0.006 -5"><span class='ocrx_word' id='word_1_83' title='bbox 409 2393 444 2473; x_wconf 86' lang='lat' dir='ltr'>C</span> <span class='ocrx_word' id='word_1_84' title='bbox 472 2393 504 2470; x_wconf 87' lang='lat' dir='ltr'>A</span> <span class='ocrx_word' id='word_1_85' title='bbox 532 2395 573 2468; x_wconf 92' lang='lat' dir='ltr'>P.</span> <span class='ocrx_word' id='word_1_86' title='bbox 629 2395 726 2478; x_wconf 84' lang='lat' dir='ltr'>VII.</span> 
     </span>
    </p>
   </div>
   <div class='ocr_carea' id='block_1_4' title="bbox 208 2559 936 2639">
    <p class='ocr_par' dir='ltr' id='par_1_4' title="bbox 208 2559 936 2639">
     <span class='ocr_line' id='line_1_15' title="bbox 208 2559 936 2639; baseline 0 0"><span class='ocrx_word' id='word_1_87' title='bbox 208 2559 446 2639; x_wconf 85' lang='lat' dir='ltr'>Oceanus</span> <span class='ocrx_word' id='word_1_88' title='bbox 492 2559 632 2636; x_wconf 84' lang='lat' dir='ltr'>Eous</span> <span class='ocrx_word' id='word_1_89' title='bbox 675 2576 724 2634; x_wconf 83' lang='lat' dir='ltr'>et</span> <span class='ocrx_word' id='word_1_90' title='bbox 767 2561 936 2638; x_wconf 78' lang='lat' dir='ltr'>India.</span> 
     </span>
    </p>
   </div>
   <div class='ocr_carea' id='block_1_5' title="bbox 2 2755 1138 3398">
    <p class='ocr_par' dir='ltr' id='par_1_5' title="bbox 70 2755 1138 3262">
     <span class='ocr_line' id='line_1_16' title="bbox 148 2755 1115 2850; baseline 0.003 -15"><span class='ocrx_word' id='word_1_91' title='bbox 148 2761 207 2835; x_wconf 89' lang='lat' dir='ltr'>Ab</span> <span class='ocrx_word' id='word_1_92' title='bbox 228 2759 292 2834; x_wconf 88' lang='lat' dir='ltr'>his</span> <span class='ocrx_word' id='word_1_93' title='bbox 319 2761 363 2834; x_wconf 90' lang='lat' dir='ltr'>in</span> <span class='ocrx_word' id='word_1_94' title='bbox 391 2762 523 2834; x_wconf 88' lang='lat' dir='ltr'>Eoum</span> <span class='ocrx_word' id='word_1_95' title='bbox 547 2781 655 2832; x_wconf 88' lang='lat' dir='ltr'>mare</span> <span class='ocrx_word' id='word_1_96' title='bbox 687 2755 823 2834; x_wconf 82' lang='lat' dir='ltr'>cursus</span> <span class='ocrx_word' id='word_1_97' title='bbox 850 2755 1115 2850; x_wconf 88' lang='lat' dir='ltr'>inflectitur,1</span> 
     </span>
     <span class='ocr_line' id='line_1_17' title="bbox 70 2887 1082 2992; baseline 0.005 -27"><span class='ocrx_word' id='word_1_98' title='bbox 70 2893 183 2992; x_wconf 89' lang='lat' dir='ltr'>inque</span> <span class='ocrx_word' id='word_1_99' title='bbox 202 2919 314 2970; x_wconf 91' lang='lat' dir='ltr'>oram</span> <span class='ocrx_word' id='word_1_100' title='bbox 337 2909 481 2978; x_wconf 88' lang='lat' dir='ltr'>terrae,</span> <span class='ocrx_word' id='word_1_101' title='bbox 510 2887 715 2991; x_wconf 84' lang='lat' dir='ltr'>spectantis</span> <span class='ocrx_word' id='word_1_102' title='bbox 738 2895 943 2968; x_wconf 82' lang='lat' dir='ltr'>orientem.</span> <span class='ocrx_word' id='word_1_103' title='bbox 990 2897 1082 2970; x_wconf 84' lang='lat' dir='ltr'>Per·</span> 
     </span>
     <span class='ocr_line' id='line_1_18' title="bbox 70 3025 1138 3127; baseline 0.004 -25"><span class='ocrx_word' id='word_1_104' title='bbox 70 3031 160 3104; x_wconf 93' lang='lat' dir='ltr'>tinet</span> <span class='ocrx_word' id='word_1_105' title='bbox 182 3029 280 3102; x_wconf 89' lang='lat' dir='ltr'>baec</span> <span class='ocrx_word' id='word_1_106' title='bbox 297 3053 318 3100; x_wconf 92' lang='lat' dir='ltr'>a</span> <span class='ocrx_word' id='word_1_107' title='bbox 336 3026 523 3127; x_wconf 87' lang='lat' dir='ltr'>Scythico</span> <span class='ocrx_word' id='word_1_108' title='bbox 546 3029 826 3127; x_wconf 87' lang='lat' dir='ltr'>promontorio</span> <span class='ocrx_word' id='word_1_109' title='bbox 848 3025 898 3101; x_wconf 88' lang='lat' dir='ltr'>ad</span> <span class='ocrx_word' id='word_1_110' title='bbox 916 3027 1080 3106; x_wconf 88' lang='lat' dir='ltr'>Colida:</span> <span class='ocrx_word' id='word_1_111' title='bbox 1135 3099 1138 3113; x_wconf 82' lang='lat'><em>,</em></span> 
     </span>
     <span class='ocr_line' id='line_1_19' title="bbox 70 3157 1083 3262; baseline 0.003 -26"><span class='ocrx_word' id='word_1_112' title='bbox 70 3165 318 3262; x_wconf 83' lang='lat' dir='ltr'>primumque</span> <span class='ocrx_word' id='word_1_113' title='bbox 341 3165 471 3236; x_wconf 88' lang='lat' dir='ltr'>omnis</span> <span class='ocrx_word' id='word_1_114' title='bbox 497 3157 552 3234; x_wconf 87' lang='lat' dir='ltr'>est</span> <span class='ocrx_word' id='word_1_115' title='bbox 584 3161 714 3253; x_wconf 89' lang='lat' dir='ltr'>invia;</span> <span class='ocrx_word' id='word_1_116' title='bbox 757 3159 904 3237; x_wconf 86' lang='lat' dir='ltr'>deinde</span> <span class='ocrx_word' id='word_1_117' title='bbox 925 3163 977 3238; x_wconf 95' lang='lat' dir='ltr'>ob</span> <span class='ocrx_word' id='word_1_118' title='bbox 1004 3165 1083 3239; x_wconf 87' lang='lat' dir='ltr'>im·</span> 
     </span>
    </p>

    <p class='ocr_par' dir='ltr' id='par_1_6' title="bbox 2 3294 1082 3398">
     <span class='ocr_line' id='line_1_20' title="bbox 2 3294 1082 3398; baseline 0.004 -28"><span class='ocrx_word' id='word_1_119' title='bbox 2 3318 6 3331; x_wconf 86' lang='lat'><strong>·</strong></span> <span class='ocrx_word' id='word_1_120' title='bbox 71 3299 288 3380; x_wconf 82' lang='lat' dir='ltr'>manitatem</span> <span class='ocrx_word' id='word_1_121' title='bbox 309 3294 575 3370; x_wconf 75' lang='lat' dir='ltr'><strong>habitantium</strong></span> <span class='ocrx_word' id='word_1_122' title='bbox 596 3297 757 3372; x_wconf 89' lang='lat' dir='ltr'>inculta.</span> <span class='ocrx_word' id='word_1_123' title='bbox 803 3297 972 3398; x_wconf 79' lang='lat' dir='ltr'>Scythae</span> <span class='ocrx_word' id='word_1_124' title='bbox 990 3295 1082 3376; x_wconf 85' lang='lat' dir='ltr'>sunt</span> 
     </span>
    </p>
   </div>
   <div class='ocr_carea' id='block_1_6' title="bbox 72 3427 1084 4208">
    <p class='ocr_par' dir='ltr' id='par_1_7' title="bbox 72 3427 1084 4208">
     <span class='ocr_line' id='line_1_21' title="bbox 72 3427 1083 3534; baseline 0.008 -32"><span class='ocrx_word' id='word_1_125' title='bbox 72 3431 320 3534; x_wconf 70' lang='lat' dir='ltr'>Androphagi</span> <span class='ocrx_word' id='word_1_126' title='bbox 344 3443 383 3503; x_wconf 87' lang='lat' dir='ltr'>et</span> <span class='ocrx_word' id='word_1_127' title='bbox 405 3433 541 3518; x_wconf 81' lang='lat' dir='ltr'>Sacae,</span> <span class='ocrx_word' id='word_1_128' title='bbox 574 3427 748 3506; x_wconf 87' lang='lat' dir='ltr'>distincti</span> <span class='ocrx_word' id='word_1_129' title='bbox 771 3435 954 3532; x_wconf 85' lang='lat' dir='ltr'>regione,</span> <span class='ocrx_word' id='word_1_130' title='bbox 988 3437 1083 3534; x_wconf 85' lang='lat' dir='ltr'>quia</span> 
     </span>
     <span class='ocr_line' id='line_1_22' title="bbox 72 3561 1083 3654; baseline 0.006 -17"><span class='ocrx_word' id='word_1_131' title='bbox 72 3562 156 3644; x_wconf 85' lang='lat' dir='ltr'>feris</span> <span class='ocrx_word' id='word_1_132' title='bbox 189 3565 327 3654; x_wconf 84' lang='lat' dir='ltr'>scatet,</span> <span class='ocrx_word' id='word_1_133' title='bbox 365 3564 626 3640; x_wconf 85' lang='lat' dir='ltr'>inhabitabili.</span> <span class='ocrx_word' id='word_1_134' title='bbox 693 3561 804 3641; x_wconf 85' lang='lat' dir='ltr'>Vasta</span> <span class='ocrx_word' id='word_1_135' title='bbox 836 3564 982 3642; x_wconf 87' lang='lat' dir='ltr'>deinde</span> <span class='ocrx_word' id='word_1_136' title='bbox 1009 3571 1083 3643; x_wconf 85' lang='lat' dir='ltr'>ite·</span> 
     </span>
     <span class='ocr_line' id='line_1_23' title="bbox 72 3695 1082 3799; baseline 0.002 -25"><span class='ocrx_word' id='word_1_137' title='bbox 72 3723 154 3776; x_wconf 87' lang='lat' dir='ltr'>rum</span> <span class='ocrx_word' id='word_1_138' title='bbox 175 3703 262 3776; x_wconf 89' lang='lat' dir='ltr'>loca</span> <span class='ocrx_word' id='word_1_139' title='bbox 279 3701 436 3776; x_wconf 85' lang='lat' dir='ltr'>belluae</span> <span class='ocrx_word' id='word_1_140' title='bbox 454 3695 655 3788; x_wconf 84' lang='lat' dir='ltr'>infestant,</span> <span class='ocrx_word' id='word_1_141' title='bbox 686 3699 881 3799; x_wconf 83' lang='lat' dir='ltr'>usquead</span> <span class='ocrx_word' id='word_1_142' title='bbox 902 3717 1082 3779; x_wconf 86' lang='lat' dir='ltr'>montem</span> 
     </span>
     <span class='ocr_line' id='line_1_24' title="bbox 72 3835 1084 3936; baseline 0.004 -30"><span class='ocrx_word' id='word_1_143' title='bbox 72 3837 165 3910; x_wconf 87' lang='lat' dir='ltr'>mari</span> <span class='ocrx_word' id='word_1_144' title='bbox 200 3836 498 3922; x_wconf 85' lang='lat' dir='ltr'>imminentem,</span> <span class='ocrx_word' id='word_1_145' title='bbox 534 3836 698 3909; x_wconf 91' lang='lat' dir='ltr'>nomine</span> <span class='ocrx_word' id='word_1_146' title='bbox 728 3835 881 3910; x_wconf 87' lang='lat' dir='ltr'>Tabim.</span> <span class='ocrx_word' id='word_1_147' title='bbox 944 3841 1084 3936; x_wconf 84' lang='lat' dir='ltr'>Longe</span> 
     </span>
     <span class='ocr_line' id='line_1_25' title="bbox 72 3966 1083 4061; baseline 0.003 -21"><span class='ocrx_word' id='word_1_148' title='bbox 72 3967 115 4041; x_wconf 88' lang='lat' dir='ltr'>ab</span> <span class='ocrx_word' id='word_1_149' title='bbox 156 3995 205 4045; x_wconf 88' lang='lat' dir='ltr'>eo</span> <span class='ocrx_word' id='word_1_150' title='bbox 235 3976 406 4048; x_wconf 76' lang='lat' dir='ltr'>Taurus</span> <span class='ocrx_word' id='word_1_151' title='bbox 441 3967 657 4046; x_wconf 83' lang='lat' dir='ltr'>adtollitur.</span> <span class='ocrx_word' id='word_1_152' title='bbox 722 3973 832 4048; x_wconf 85' lang='lat' dir='ltr'>Seres</span> <span class='ocrx_word' id='word_1_153' title='bbox 864 3966 1083 4061; x_wconf 82' lang='lat' dir='ltr'>intersunt3</span> 
     </span>
     <span class='ocr_line' id='line_1_26' title="bbox 73 4101 1082 4208; baseline 0.002 -30"><span class='ocrx_word' id='word_1_154' title='bbox 73 4127 189 4204; x_wconf 81' lang='lat' dir='ltr'>genus</span> <span class='ocrx_word' id='word_1_155' title='bbox 211 4105 379 4208; x_wconf 86' lang='lat' dir='ltr'>plenum</span> <span class='ocrx_word' id='word_1_156' title='bbox 398 4101 588 4194; x_wconf 82' lang='lat' dir='ltr'>iustitiae,</span> <span class='ocrx_word' id='word_1_157' title='bbox 617 4119 658 4178; x_wconf 88' lang='lat' dir='ltr'>et</span> <span class='ocrx_word' id='word_1_158' title='bbox 681 4105 940 4198; x_wconf 68' lang='lat' dir='ltr'>commercio,</span> <span class='ocrx_word' id='word_1_159' title='bbox 970 4101 1082 4204; x_wconf 87' lang='lat' dir='ltr'>quod</span> 
     </span>
    </p>
   </div>
   <div class='ocr_carea' id='block_1_7' title="bbox 0 0 1412 4920">
    <p class='ocr_par' dir='ltr' id='par_1_8' title="bbox 0 0 1412 4920">
     <span class='ocr_line' id='line_1_27' title="bbox 0 0 1412 4920; baseline 0 0"><span class='ocrx_word' id='word_1_160' title='bbox 0 0 1412 4920; x_wconf 95' lang='lat' dir='ltr'> </span> 
     </span>
    </p>
   </div>
  </div>
 </body>
</html>
