2816 4920
5 455 8 496 Ι
172 385 756 450 naarruonuratrnn
800 391 909 456 cvr.
1010 387 1054 464 oy

45 563 291 641 Rubricatum
311 562 355 638 in
376 561 606 640 Barcinonis
626 560 764 650 litore,
791 562 897 640 iuter
922 565 1054 644 Subur

45 713 76 774 et
96 698 270 776 Tolobin
299 697 443 774 Maius.
515 700 686 774 Tarraco
715 697 812 774 urbe
842 695 897 774 est
921 700 964 776 in
988 701 1055 780 hia

45 835 110 911 oria
139 833 430 910 maritimarum
458 829 765 934 opulentiffima:
802 835 939 912 Tulcis
966 861 1054 914 earu

44 967 210 1046 modicae
225 969 373 1058 munis,
399 963 519 1069 snper
536 969 677 1070 ingena
690 969 829 1046 Iberus
844 967 1054 1048 Dertosam

44 1103 203 1206 adtingit.
270 1101 370 1180 lude
393 1098 433 1178 sa
457 1103 502 1178 iu
528 1117 649 1180 terras
678 1103 842 1206 pelagus
864 1101 1089 1196 iufiuuaab

43 1255 73 1312 et
92 1243 267 1339 primum
285 1261 431 1340 niagno
450 1238 607 1338 impetu
627 1236 856 1329 admissum,
890 1265 987 1318 mox
1007 1243 1054 1318 in

43 1372 129 1454 luca
151 1371 258 1452 linus
282 1375 581 1476 promontorio,
615 1374 728 1474 quod
743 1376 959 1453 Ferrariam
977 1402 1053 1454 vo·

42 1525 132 1598 aaut,
176 1507 359 1588 finditur.
442 1509 560 1586 Prior
600 1509 857 1590 Sucroneufia
891 1511 1052 1604 dicitur,

42 1647 234 1746 maiorque
247 1669 293 1720 ac
309 1669 454 1746 magno
472 1639 559 1722 latia
575 1667 645 1721 ore
657 1645 821 1748 pelagus
843 1647 1052 1748 accipiens,

44 1793 84 1868 at,
101 1805 179 1881 quo
193 1781 321 1882 magia
339 1793 581 1882 ponebatur,
602 1777 817 1881 augustior,
844 1781 1052 1871 Saetabinr,
1124 1765 1129 1774 ’

44 1929 76 1988 ct
91 1919 277 2006 Turiam,
313 1929 353 1990 et
377 1916 597 1994 Sucronem
625 1940 711 1993 non
737 1939 879 2017 magna
905 1917 1053 2019 excipit

43 2045 213 2128 lumina:
263 2049 384 2128 urbes
409 2053 660 2154 complexus,
694 2065 734 2126 et
755 2052 848 2130 aliua
872 2050 1053 2152 quidem,

44 2180 99 2260 led
123 2185 335 2266 uotiffimaa
357 2186 597 2276 Valentiam,
632 2201 674 2262 et
691 2189 913 2289 Saguntum
927 2189 1053 2278 illam,

45 2315 110 2396 fide
131 2338 171 2400 et
194 2319 400 2399 aerumnis
426 2320 631 2398 inclutam.
694 2321 872 2423 &quana
891 2323 1053 2400 illicita·

44 2477 108 2534 nna
125 2459 285 2536 Alouan
300 2455 437 2548 habet,
465 2471 506 2533 et
527 2453 772 2546 Lucentiam,
800 2472 852 2550 et,
880 2457 989 2536 unda
1013 2458 1053 2534 oi

45 2613 177 2670 romeu
195 2590 274 2684 ast,
304 2592 453 2670 lllicen.
512 2593 589 2670 Hic
609 2594 691 2670 iam
713 2608 839 2670 tarrae
860 2595 985 2695 magia
1007 2596 1055 2672 iu

44 2723 151 2802 altum
170 2741 285 2817 cnut,
307 2727 583 2826 latioremque,
609 2752 729 2827 quam
744 2725 887 2818 fuerat,
912 2725 1052 2830 Hispa·

44 2859 135 2937 niam
151 2859 316 2940 faciunt.
374 2865 524 2938 Verum
542 2862 590 2937 ab
608 2861 684 2951 his,
708 2885 810 2962 quae
830 2859 1051 2952 dictasunt,
1076 2887 1097 2956 7

46 2993 85 3068 ad
111 2997 308 3098 principia
340 2997 536 3086 Baeticae,
580 3013 735 3097 praeter
760 2995 1052 3098 Carthaginem,
1202 3077 1211 3104 ⁴
1342 3033 1347 3040 ·

46 3149 149 3226 quam
164 3131 250 3208 dux
264 3133 493 3221 Poenorum
502 3129 725 3206 Hasdrubal
739 3130 932 3222 condidit,
947 3132 1054 3208 nihil
1170 3129 1172 3134 ’

45 3260 287 3343 referendum
316 3264 383 3344 est.
439 3269 487 3342 lu
514 3265 596 3342 illia
632 3267 713 3343 oria
740 3266 934 3368 ignobilia
960 3263 1053 3342 sunt

47 3399 200 3500 oppida,
243 3417 283 3478 et
311 3425 488 3504 quorum
513 3403 667 3478 mentio
690 3417 844 3478 tautum
872 3399 922 3478 ad
944 3400 1053 3479 ordi-

45 3553 125 3610 nem
141 3534 253 3629 facin
280 3539 376 3614 Urci
395 3538 439 3612 in
454 3535 560 3630 liuu,
584 3561 707 3636 quarn
724 3538 959 3614 Urcitanum
979 3561 1054 3616 vo·

47 3685 139 3746 aaut:
192 3687 299 3748 extra
328 3671 503 3764 Abdera,
538 3673 652 3761 Suel,
686 3675 807 3763 Heni,
841 3671 1054 3762 Maenoba,

45 3801 195 3896 Malaca,
215 3806 398 3898 Salduba,
425 3809 615 3910 Lacippo,
642 3805 860 3887 Barbesula.
915 3809 1096 3908 Aperitss

47 3933 179 4018 deindo
217 3941 525 4044 augufiiffimum
560 3941 741 4044 pelagus,
789 3957 830 4019 et
871 3943 1055 4047 proxima

47 4069 137 4151 iuter
163 4073 204 4154 le
227 4081 411 4182 Europae
435 4093 555 4186 atqua
576 4075 733 4158 Africae
752 4079 871 4156 litora
895 4091 1052 4158 montaa
