2868 4930
326 319 404 364 cxx
572 301 636 360 DE
677 298 948 360 POMPONIO
989 299 1126 360 MELA

326 468 526 564 intercepta
553 463 680 564 pariit,
717 491 809 564 quae
837 467 975 540 iactura
1006 465 1082 540 iam
1106 463 1211 564 supra
1238 465 1285 540 sd
1308 491 1364 542 tn.

333 605 440 684 1498.
464 583 581 662 iustas
600 589 763 685 querelas
788 585 1012 685 exprefforat,

564 828 622 904 74.
679 808 905 909 Lugduni
934 815 1045 900 1605.
1079 836 1137 888 ts.

407 970 501 1038 Cum
525 963 825 1038 adnotationibus
851 963 1016 1062 Olivarii.
1068 941 1129 1038 12:st
1151 963 1253 1037 nuda
1275 987 1369 1061 repe·

301 1089 303 1094 '
331 1084 417 1158 titio
439 1085 665 1184 superiorum
686 1084 911 1174 editionum,
939 1085 1041 1158 ouius
1062 1086 1248 1180 exemplar
1264 1082 1370 1156 sarva-

332 1224 394 1278 tur
418 1205 459 1278 in
485 1207 708 1280 bibliotheca
732 1205 866 1278 Ducali
892 1204 1104 1280 vinarienfi.
1167 1207 1317 1278 Chartae
1335 1219 1369 1276 ot

332 1327 459 1398 literae
481 1327 604 1402 miuus
626 1328 712 1401 sunt
732 1328 852 1399 cultae
874 1345 911 1400 et
935 1326 1091 1416 nitidae,
1125 1343 1249 1418 textus
1271 1324 1368 1398 vitiis

331 1447 559 1546 turpioribus
589 1449 805 1548 inquinatus
830 1445 1136 1547 asperioribus,
1165 1463 1211 1522 ut
1231 1471 1281 1521 ex
1297 1444 1367 1519 eius

332 1569 400 1643 usu
425 1566 596 1668 cognovi.
666 1651 674 1660 ,

578 1762 638 1877 ¹75.
695 1785 921 1885 Lugduni
951 1789 1059 1881 1609.
1094 1803 1129 1872 8.

411 1937 597 2012 Praefixus
621 1933 671 2012 est
695 1939 864 2027 Solinus,
898 1964 1010 2036 quem
1037 1937 1200 2034 sequitur
1217 1935 1316 2008 Mela
1333 1959 1369 2002 ex

337 2065 473 2129 Mssets
486 2069 620 2151 aliisque
634 2069 766 2147 optimis
783 2064 943 2130 codicibus
957 2065 1141 2128 emendatus
1154 2076 1188 2127 et
1202 2061 1368 2158 illustratio

336 2185 423 2252 alo.
438 2181 569 2253 Iacobo
585 2179 754 2268 Graffero,
771 2179 871 2254 Bafil.
886 2198 993 2279 poeta
1009 2178 1189 2252 Caesareo.
1222 2171 1369 2250 Edidiffs

272 2345 274 2366 .
336 2299 484 2372 videtur
503 2301 667 2398 primum
688 2303 860 2376 Solinum
882 2327 912 2374 a.
933 2306 1040 2392 1604.
1073 2298 1174 2395 quod
1198 2295 1367 2368 dedicatio

335 2420 479 2510 innuit,
504 2439 588 2495 ante
608 2421 803 2520 susceptam
826 2422 1157 2526 peregrinationem
1178 2417 1254 2490 fine
1267 2417 1368 2502 Mela,

338 2541 403 2638 qui
422 2541 484 2614 hio
504 2541 654 2615 demum
669 2546 833 2619 adiectus
852 2541 917 2632 est,
942 2562 1116 2616 monente.
1132 2540 1243 2611 etiam
1258 2537 1368 2609 titulo.

337 2665 523 2758 Repetitas
549 2665 696 2737 exhibet
721 2665 976 2737 adnotationes
1003 2660 1175 2747 olivarii,
1212 2658 1313 2731 ouius
1338 2671 1370 2726 et

335 2800 482 2856 textum
510 2785 636 2874 refert,
683 2785 746 2860 etst
776 2787 906 2859 multis
943 2785 1046 2858 vitiis
1076 2779 1368 2854 contaminatum.

337 2905 563 2982 Eius‘usum
593 2903 836 2980 liberaliss'tme
864 2901 1031 2980 conoeffit
1060 2903 1281 2977 bibliotheca
1301 2905 1370 2974 Du·

337 3028 426 3100 calis
453 3025 684 3102 vinarienfis.

647 3231 861 3306 Basileus
889 3235 997 3318 1615.
1034 3248 1070 3316 3.

415 3387 638 3457 Notaveram
666 3384 761 3456 hano
786 3382 988 3456 editionem
1013 3408 1059 3454 ex
1082 3379 1191 3454 Lucii
1213 3376 1368 3470 catalogo

338 3497 584 3576 bibliothecae
613 3505 789 3600 publicae
805 3497 1304 3584 Moeno-Frauoofurtenfis,
1334 3493 1369 3562 in

339 3605 445 3694 cuius
475 3623 582 3696 libris
614 3621 793 3699 historicis
826 3627 952 3723 prodit
976 3649 1057 3724 pag.
1077 3645 1160 3713 127.
1218 3627 1268 3694 At
1294 3635 1370 3687 cum

338 3761 485 3837 propter
517 3743 675 3818 aliorum
716 3749 889 3821 omnium
927 3733 1115 3820 [ilentium
1151 3735 1370 3814 dubitatione

336 3861 483 3938 suborta
500 3867 692 3965 magisque
710 3869 751 3940 in
767 3869 844 3943 dies
864 3854 1006 3940 firmata
1021 3863 1234 3964 diligentius
1254 3859 1297 3930 ds
1312 3852 1370 3924 ills

338 3981 568 4082 quaesiissem,
585 3987 795 4088 responsum
812 3991 961 4064 tandem
970 3987 1052 4080 tuli,
1070 3987 1212 4060 bonum
1220 3975 1371 4056 Lucium
