2868 4930
326 411 513 460 cxxxvrar
589 395 654 452 DE
696 393 969 456 Pontaottto
1011 396 1143 456 MELA

323 561 430 638 librie
449 557 639 658 excipiunt
659 557 895 656 prolixiores,
928 561 969 636 in
992 563 1123 662 quibus
1142 563 1274 636 Melam
1293 584 1347 636 er·

284 691 291 698 '
322 681 459 782 plicare
479 698 517 754 et
537 705 624 754 cum
642 682 907 758 recentioribus
924 684 1143 782 Geographie
1159 703 1348 780 comparere

321 799 451 878 studet
503 801 614 902 Quod
634 820 741 876 notae
760 806 902 880 criticae
922 809 963 880 in
983 807 1093 878 titulo
1113 807 1234 891 iactet,
1258 827 1347 877 rarae

321 927 409 1000 illae
426 923 526 1013 sunt,
555 923 729 1020 repetitae
748 927 965 1026 plerumque
984 953 1032 1002 ex
1052 929 1152 1021 aliia,
1181 923 1347 1004 menori

322 1045 459 1132 codicia
480 1069 551 1144 ope
571 1061 609 1116 et
628 1061 750 1118 textus
769 1049 981 1126 commodo.

589 1297 674 1374 ¹⁰4·
725 1283 891 1356 Linoii
920 1301 1029 1378 ¹8⁰4·
1057 1307 1093 1376 3.

391 1458 531 1529 Auctor
550 1447 599 1526 est
613 1459 671 1528 Fr.
687 1453 769 1528 Nic.
787 1455 907 1547 Titze,
939 1455 1106 1536 historiae
1125 1452 1292 1534 Profess'or
1308 1454 1345 1527 in

316 1583 441 1672 Lyceo
467 1571 653 1666 Lincenli,
683 1576 748 1674 qui
771 1574 1034 1655 bibliothecam
1056 1584 1226 1656 Latinam
1249 1569 1345 1650 claffi·

316 1723 399 1772 cem
429 1715 514 1771 octo
542 1696 656 1769 tomis
686 1693 872 1787 instruxit,
904 1701 1038 1798 quibua
1061 1724 1224 1778 auctores
1246 1706 1344 1773 Rom.

313 1837 474 1908 veteres,
514 1817 695 1913 prosaicos
731 1837 768 1892 et
800 1821 983 1918 poeticos,
1025 1828 1159 1921 partim
1185 1824 1344 1920 integros,

312 1941 450 2042 partim
475 1957 663 2038 excerptos
687 1939 729 2012 in
755 1943 995 2016 commodum
1022 1946 1224 2020 iuventutis
1254 1964 1344 2014 com·

312 2061 426 2160 plecti
456 2076 494 2130 et
522 2077 629 2133 notas
663 2059 806 2135 critices
840 2065 1000 2138 maxime
1033 2067 1186 2141 adiicere
1221 2061 1343 2139 statuit

311 2185 457 2281 Agmcn
480 2179 586 2254 ducit
607 2183 720 2272 Mela,
746 2182 806 2254 cui
827 2183 1142 2262 introductionem
1164 2181 1343 2288 praemisit,

310 2305 354 2377 in
368 2325 437 2401 que
454 2300 499 2374 de
515 2303 595 2376 eiua
609 2304 697 2392 vita,
718 2302 858 2400 scriptia
872 2325 908 2378 ct
921 2309 1035 2382 libros
1050 2311 1128 2382 eius
1143 2305 1284 2409 legendi
1295 2329 1343 2378 ra-

310 2424 416 2498 tione
436 2424 590 2498 omnino
612 2424 770 2498 breviter
791 2426 944 2501 disserit
996 2436 1040 2502 In
1066 2449 1173 2504 textu
1196 2427 1342 2524 sequitur

309 2544 556 2623 recenlionem
569 2541 689 2635 Vossii,
711 2546 762 2618 ita
778 2565 910 2638 temen,
929 2569 972 2623 ut
984 2553 1106 2648 alique
1122 2552 1168 2624 ad
1182 2544 1343 2624 vetustio-

308 2693 394 2744 rum
411 2666 673 2765 exemplarium
691 2666 813 2760 fidem,
836 2695 946 2765 pauca
962 2674 1073 2744 etiam
1088 2675 1135 2746 ed
1150 2672 1249 2745 sunm
1264 2692 1342 2741 con·

307 2793 485 2865 iecturem
505 2791 775 2880 immutaverit,
807 2815 966 2888 quorum
991 2794 1143 2889 quidem
1172 2795 1343 2867 rationem

307 2915 393 2990 latis
408 2915 522 3011 perite
533 2914 573 2986 in
588 2915 688 2987 notis
696 2911 808 2986 dedit
836 2913 1017 3011 Equidem
1032 2917 1128 2988 hanc
1139 2915 1342 2998 editionem,

307 3059 400 3133 quae
427 3033 505 3106 sero
528 3023 642 3108 nimis
669 3051 706 3105 et
733 3036 878 3106 recensu
903 3051 1024 3107 textus
1050 3053 1132 3108 acto
1157 3036 1198 3110 in
1218 3053 1342 3108 manet

306 3181 406 3230 meac
423 3155 537 3246 venit,
563 3155 610 3228 ad
629 3155 772 3227 Melam
794 3153 965 3229 adhibere
981 3179 1059 3228 non
1080 3140 1197 3252 potui

381 3365 481 3433 Haec
499 3353 545 3431 cll
567 3356 796 3432 enumeratio
821 3357 1028 3432 editionum
1046 3361 1229 3450 omnium,
1257 3377 1342 3455 quae

303 3480 398 3554 mihi
415 3480 533 3552 adhuc
547 3481 791 3553 innotuerunt
807 3497 843 3552 et
858 3481 1058 3552 maximam
1072 3499 1215 3579 partem
1226 3479 1343 3552 Melae
1393 3513 1396 3522 ·

303 3597 427 3676 ustbus
443 3599 695 3674 inservierunt.
728 3607 848 3698 Quem
865 3602 959 3674 olim
972 3602 1156 3674 indixerat
1174 3602 1344 3699 Salmasius

302 3723 349 3796 ad
364 3722 534 3798 Solinum
548 3748 584 3819 p.
603 3725 686 3811 176.
703 3744 788 3816 295.
803 3740 841 3795 et
853 3721 954 3810 alibi,
975 3721 1068 3796 item
1082 3723 1128 3794 ad
1141 3714 1343 3818 Lampridii

301 3844 585 3944 Heliogabalum
599 3867 675 3940 cap.
691 3847 725 3914 6.
739 3842 767 3916 f.
789 3843 1009 3934 editionem,
1034 3844 1176 3942 aliquot
1197 3861 1343 3918 centum

300 3967 454 4042 urbium
486 3981 523 4039 et
550 3965 719 4040 locorum
739 3965 954 4038 nominibus
978 3963 1158 4038 seniorem
1185 3982 1224 4038 et
1254 3965 1343 4037 inte·

300 4090 474 4190 grictam,
497 4085 670 4164 adhibitis
692 4086 804 4164 etiem
820 4085 1088 4183 exemplaribus
1107 4085 1264 4188 scriptia,
1288 4081 1342 4160 uti
