2868 4930
190 423 250 482 ua
290 423 406 482 sr-rc
450 419 597 484 onera
635 422 729 480 are.
767 423 792 482 t
835 426 868 484 c.
893 427 935 485 11.
1055 437 1077 503 5

74 595 231 678 tenuati
255 595 436 682 obviam,
473 607 513 668 ct
542 592 723 693 primurn
747 590 787 670 se
812 594 966 696 ingenti
990 621 1075 674 am.

72 732 147 808 bitu
164 733 364 820 incurvat,
398 726 488 830 post
513 726 552 805 se
576 729 733 830 ingenti
753 725 888 806 fronte
910 731 960 808 ad
978 735 1074 810 Hel·

72 867 314 968 lespouticurn
350 863 500 942 fretum
528 864 727 941 extendit:
766 865 816 941 ab
844 891 894 943 so
923 868 1073 946 iterum

74 1001 211 1102 obliqua
224 999 274 1094 ad
286 1006 525 1102 Bosporum,
549 1000 778 1101 iterumque
795 1000 846 1076 ad
859 1003 1073 1080 Ponticum

71 1136 153 1212 latus
167 1162 300 1226 curva,
323 1135 478 1211 aditum
493 1135 718 1214 Maeotidos
733 1135 953 1216 transverso
968 1163 1072 1216 mar·

71 1272 144 1370 gine
160 1270 347 1372 adtingit:
384 1267 508 1372 ipsam
525 1273 678 1372 gremio
693 1267 745 1344 ad
759 1274 927 1350 Tanaim
940 1299 1070 1374 usquo

70 1408 262 1508 complexa,
289 1404 335 1482 fit
351 1406 450 1508 ripa,
478 1431 557 1506 qua
578 1406 722 1482 Tanais
742 1403 809 1481 est.
854 1413 902 1484 In
921 1435 966 1484 ea
987 1414 1069 1513 pri·
1090 1427 1113 1495 3

67 1567 138 1618 mos
171 1541 387 1620 hominum
426 1541 659 1634 oboriente
694 1542 911 1642 accipimus
935 1544 1071 1638 Indos,

66 1690 97 1749 et
112 1679 229 1768 Seras,
259 1693 300 1754 et
320 1675 492 1778 Scythas.
544 1679 655 1752 Seres
677 1674 808 1752 media
825 1673 951 1754 ferme
964 1683 1071 1757 ane

16 1787 17 1798 ἵ
65 1814 166 1911 partis
182 1815 379 1901 incolunt,
402 1808 494 1888 Indi
513 1827 552 1888 et
572 1807 739 1910 Scythae
756 1813 918 1890 ultima:
950 1815 1069 1891 ambo

64 1945 127 2022 late
159 1963 352 2051 patentes,
387 1971 520 2047 neque
545 1947 591 2022 in
619 1947 697 2022 boc
720 1963 877 2024 tantum
903 1952 1069 2052 pelagus

63 2077 169 2160 effusi.
232 2087 416 2185 Spectant
444 2083 555 2158 enim
584 2083 704 2158 etiam
723 2083 939 2160 ‘meridiem
964 2085 1070 2178 Indi,

63 2241 231 2320 cumque
254 2217 385 2294 Indici
408 2219 526 2294 maria
560 2215 661 2315 (nisi
688 2216 824 2316 quoad
850 2217 977 2297 aestus
1004 2223 1074 2298 iu·

61 2349 299 2432 habitabilem
324 2351 524 2455 efficiunt)
556 2353 629 2430 diu
652 2355 855 2431 continuis
881 2357 1071 2456 gentibus
1209 2373 1214 2388 ‘

61 2505 247 2591 occupant
297 2491 479 2589 Spectant
495 2501 534 2564 et
551 2485 873 2589 septemtrionem
886 2492 1070 2591 Scythae,

19 2687 26 2708 ,
60 2647 94 2697 ac
112 2624 203 2702 litus
225 2623 460 2724 Scythicum
491 2623 593 2724 (nisi
621 2622 731 2700 unde
762 2622 981 2726 frigoribus
1006 2651 1073 2701 ar·

62 2759 208 2862 centur)
235 2785 367 2859 usque
401 2757 451 2834 ad
476 2757 669 2860 Caspium
704 2757 835 2836 smum
863 2759 1066 2861 possident.

59 2894 150 2972 ludis
183 2876 368 2997 proxima
403 2891 458 2970 est
495 2895 660 2984 Ariane,
698 2892 846 2970 deinde
876 2897 987 2985 Aria,
1027 2909 1111 2990 et4

59 3029 243 3119 Cedrosis,
274 3046 314 3105 et
329 3027 452 3106 Perfis
468 3029 518 3106 ad
541 3025 669 3126 sinunt
690 3028 900 3108 Persicum.
946 3035 1067 3107 Hune
1220 3077 1224 3084 ·

58 3167 185 3266 populi
226 3163 434 3241 Persarum
475 3163 678 3254 ambiunt,
736 3165 855 3241 illum
895 3168 1067 3244 alterurn

57 3301 195 3378 Ambos
257 3300 318 3377 Ab
341 3301 424 3388 his,
457 3299 569 3400 quod
587 3295 631 3374 in
647 3299 821 3378 Africam
838 3299 964 3391 restat,
991 3305 1067 3378 Ae·

56 3436 231 3545 thiopum
253 3431 319 3516 est.
382 3435 469 3510 Illic
498 3433 680 3535 Caspiani
703 3437 860 3537 Scythis
891 3439 1067 3537 proximi

56 3567 170 3648 sinum
207 3568 397 3670 Caspium
437 3571 613 3670 cingunt.
687 3573 800 3647 Ultra
835 3575 1067 3663 Amazones,

55 3705 228 3807 ultraque
274 3731 338 3781 eas
375 3706 629 3808 Hyperborei
668 3705 743 3784 esse
780 3727 1064 3788 memorantur.

54 3841 236 3919 interiora
273 3857 467 3918 terrarum
499 3845 651 3921 multae
684 3845 897 3945 variaeque
931 3853 1108 3945 gentes5

54 3970 233 4052 habitant.
282 3977 454 4052 Gandari
477 3995 517 4054 et
531 3979 721 4069 Paricani,
748 3997 787 4055 et
807 3981 946 4069 Bactri,
968 3981 1067 4078 Sug·

54 4104 163 4210 dirui,
194 4113 533 4216 Harmatotrophi,
561 4116 763 4204 Comarae,
792 4115 972 4202 Comani,
997 4117 1067 4188 Pa-

93 4275 189 4350 Pomp.
209 4275 303 4336 Meta.
368 4285 374 4296 '
588 4275 596 4299 ¹
718 4255 733 4326 Ι
869 4268 872 4278 ’
