2816 4920
339 378 385 456 ,a
618 369 876 432 ronronn
900 364 1084 463 'naute

340 540 467 622 versi:
511 541 664 644 Ganges
691 557 731 619 et
753 541 877 620 Indus
905 566 1049 620 amnes.
1118 541 1190 618 Ille
1221 541 1342 620 multis

339 676 522 756 sontibus
539 679 584 753 in
598 676 792 767 Hemode,
819 678 955 754 Indiae
972 693 1119 766 monte,
1137 671 1344 776 conceptus,

341 811 460 890 fimat
485 836 615 890 unum
641 812 801 888 alveum
821 812 936 902 fecit,
970 811 1014 888 fit
1034 815 1217 890 omnium
1240 812 1346 886 maxi·

256 915 264 939 ⁵
339 969 455 1036 mus,
492 960 533 1022 et
561 945 709 1024 alicubi
740 947 878 1037 latius,
913 947 1076 1047 quando
1106 944 1347 1048 angusttffime

339 1077 454 1169 fluit,
486 1077 626 1154 decem
646 1081 758 1156 milia
774 1079 954 1183 passuum
970 1099 1125 1184 patens,
1156 1083 1201 1158 in
1215 1079 1349 1182 septem

340 1241 411 1294 ora
430 1211 678 1316 dispergitur.
736 1216 860 1294 Indus
877 1243 925 1293 ex
947 1232 1086 1294 monte
1111 1209 1348 1316 Paropamiso

339 1364 522 1440 exortus,
550 1365 591 1424 et
614 1350 689 1424 alia
708 1353 872 1452 quidem
896 1350 1064 1428 flumina
1086 1351 1267 1438 admittit,
1292 1343 1349 1422 sed

341 1483 552 1575 clarissima,
574 1485 755 1587 Cophen,
779 1486 980 1578 Acefinen,
1004 1483 1238 1588 Hydaspen:
1267 1506 1350 1557 con·

341 1636 575 1723 ceptumque
600 1621 784 1724 pluribus
810 1623 932 1698 alveis
959 1619 1111 1699 undam
1133 1623 1214 1700 lato
1238 1618 1348 1720 spatio

340 1757 474 1839 trahit.
531 1757 636 1834 Hinc
657 1780 782 1857 paene
806 1759 969 1856 Gangen
998 1755 1273 1860 magnitudine
1293 1775 1349 1826 ex·

341 1908 493 1994 aequat.
550 1887 640 1967 Post
667 1891 738 1968 ubi
762 1891 915 1991 aliquot
940 1890 1053 1994 saepe
1075 1895 1230 1992 magnis
1250 1887 1348 1964 fleit-

185 2079 190 2087 ·
339 2027 416 2103 bus
438 2024 562 2102 cmxit
584 2025 729 2125 iugum
749 2027 907 2128 ingens,
943 2028 1091 2103 iterum
1114 2043 1246 2101 rectus
1268 2019 1348 2096 s'oli·

339 2159 498 2262 (iusque
514 2157 734 2237 descendit:
772 2161 900 2239 donec
923 2159 973 2236 ed
994 2160 1346 2237 laevam'dextrum·

186 2367 193 2380 .
339 2319 420 2396 que
440 2293 480 2370 se
499 2292 713 2384 diducens,
740 2292 902 2372 duobus
923 2294 1050 2385 ostiis,
1079 2295 1202 2396 longe
1219 2289 1347 2369 distan-

303 2431 468 2522 7tibue,
502 2443 621 2504 exeat.
684 2426 748 2504 Ad
772 2433 943 2506 Tamum
963 2427 1093 2507 insula
1117 2427 1173 2506 est
1199 2421 1346 2524 Chryse,

339 2564 390 2641 ad
406 2567 568 2665 Gangen
583 2567 759 2664 Argyre:
790 2563 908 2640 altera
925 2569 1038 2642 aurei
1056 2564 1131 2644 soli
1156 2567 1232 2662 (ita
1252 2573 1346 2638 vete-

337 2725 401 2780 res
417 2699 639 2800 tradidere)
661 2700 781 2775 altera
795 2701 992 2800 argentei:
1022 2717 1156 2802 atque,
1175 2715 1221 2775 ut
1238 2691 1346 2796 maxi·

337 2863 403 2912 me
424 2835 605 2924 videtur,
642 2851 711 2912 aut
734 2859 848 2910 exre
875 2860 1045 2924 nomen,
1083 2850 1154 2912 aut
1175 2858 1223 2909 ex
1244 2849 1345 2906 voca·

337 2971 437 3048 bulo
460 2968 595 3046 fabula
618 2965 683 3044 est.
742 2969 994 3069 Taprobane,
1028 2985 1096 3045 aut
1113 2966 1270 3070 grandis
1287 2958 1346 3035 ad·

336 3103 506 3180 modurn
523 3101 671 3195 insula,
710 3117 779 3179 aut
806 3105 933 3204 prima
954 3129 1042 3204 pars
1064 3104 1181 3181 Orbis
1197 3097 1345 3177 alteriue

336 3237 566 3338 Hipparcho
596 3236 764 3314 dicitur:
808 3235 877 3312 sed
905 3240 998 3337 quia
1032 3237 1249 3326 habitatur,
1280 3253 1344 3310 nee

336 3375 547 3473 quisquam
564 3378 715 3448 circum
739 3397 824 3446 eam
840 3369 907 3448 isse
928 3371 1118 3462 traditur,
1148 3395 1270 3475 prope
1283 3389 1344 3444 ve·

304 3525 431 3592 arum
464 3505 530 3581 est.
605 3507 752 3584 Contra
776 3505 868 3582 Indi
895 3505 992 3583 ostia
1014 3506 1083 3581 illa
1104 3506 1217 3597 sunt,
1252 3521 1344 3604 quae

333 3657 481 3718 vocant
502 3639 623 3727 Solis,
658 3639 758 3717 adeo
780 3641 1072 3732 inhabitabilia,
1101 3657 1147 3717 ut
1169 3613 1358 3741 ingressos·

333 3779 397 3854 vis
422 3769 650 3851 circumfusi
679 3777 778 3851 aeris
816 3777 1011 3852 exanimet
1039 3773 1263 3863 confestim
1307 3780 1342 3842 et

334 3912 439 3988 inter
465 3906 548 4010 ipsa
576 3905 673 3985 ostia
707 3911 899 3986 Patalene.
970 3914 1098 4012 Regio
1136 3913 1188 3989 ob
1226 3903 1340 3982 aestus

332 4043 612 4136 intolerabilis,
639 4043 801 4140 ,alicubi
832 4045 1054 4128 cultoribus
1079 4071 1218 4153 egens,
1251 4033 1338 4120 inde
