2856 4926
326 491 349 536 ι
569 471 635 530 oe
677 425 948 531 oomoomo
989 475 1129 546 ,mem

400 645 440 714 Ρ.
461 657 544 729 325.
573 624 704 738 Pomp.
718 640 842 713 Meloe
855 637 1136 740 Cosmographie
1151 639 1282 718 finiens
1300 645 1365 717 hoc

329 761 511 838 carmine:

405 893 575 974 Europam
597 887 732 954 Libeom
760 899 857 977 atqie
880 887 990 986 Afiom
1014 892 1213 974 Pomponius
1234 891 1298 957 edic

458 1010 556 1076 Orbis
581 1003 757 1104 describens
780 1013 889 1076 ordino
912 1013 1015 1078 Meua
1031 1011 1148 1108 suum.

330 1127 483 1230 Liguria
498 1151 562 1224 per
584 1126 767 1223 quendam
782 1127 996 1202 leonensem
1015 1130 1056 1202 in
1078 1133 1202 1202 charta
1220 1154 1277 1226 ¹9·

403 1276 444 1343 P.
470 1289 557 1358 377.
587 1293 633 1342 ex
662 1269 883 1347 bibliotheca
919 1267 1100 1344 Vossmna.
1150 1271 1371 1371 Pomponius

330 1393 432 1467 Mela
453 1390 628 1487 (adnexis
645 1392 748 1488 aliis)
770 1393 812 1466 in
835 1392 989 1466 membr.
1011 1415 1068 1464 11.

405 1541 445 1610 P.
463 1553 548 1624 383.
570 1557 616 1606 ex
637 1533 728 1605 bibl.
751 1531 846 1610 voff.
888 1540 1019 1630 Pomp.
1042 1535 1144 1607 Mela
1168 1533 1214 1607 de
1241 1537 1373 1610 cosmo·

330 1658 481 1758 graphio
513 1655 664 1747 mendi,
694 1653 784 1745 (lic)
812 1655 873 1729 sed
902 1653 1117 1730 nitidilfime
1149 1655 1303 1757 scriptus
1334 1655 1374 1728 in

330 1779 487 1854 membr.
507 1797 565 1865 33.

317 1983 321 2004 ,
404 1926 445 1994 Ρ.
462 1941 548 2013 334.
573 1943 620 1991 ex
635 1918 806 1993 biblioth.
822 1915 945 1993 Voffii
972 1925 1012 1992 P.
1028 1921 1152 1994 Melae
1168 1920 1374 2018 cosmogra-

329 2042 398 2144 phi
412 2040 484 2114 viri
498 2037 630 2114 lllustr.
645 2042 749 2115 liber.
772 2049 911 2119 Recens
930 2041 1057 2115 codex.
1083 2045 1127 2114 In
1145 2044 1300 2116 membr.
1317 2063 1374 2136 97.

409 2189 553 2271 P..385.
575 2207 622 2255 ex
643 2181 732 2254 bibl.
750 2182 872 2257 vossii.
911 2191 1039 2280 Pomp.
1057 2184 1157 2256 Mela
1173 2185 1220 2260 de
1241 2184 1376 2261 cosmo·

329 2306 491 2408 graphia.
524 2303 606 2376 vib.
623 2307 728 2400 Sequ.
741 2305 783 2378 in
798 2307 918 2378 chorte
938 2321 1020 2397 124.

405 2454 446 2521 P.
472 2469 554 2540 39⁰·
592 2445 769 2520 indidem.
830 2448 1077 2548 Geographiae
1114 2447 1377 2548 fragmentum,

330 2568 432 2668 quod
447 2564 496 2641 est
514 2573 553 2640 P.
569 2569 702 2657 Melae,
724 2567 904 2666 incipiens
920 2572 965 2644 ab
988 2571 1148 2670 generali
1171 2571 1379 2668 dosoriptio·

329 2716 379 2766 ne
393 2696 580 2790 Europae,
606 2697 829 2763 Britannicum
849 2697 1022 2774 Oceanum,
1044 2691 1229 2767 defluens:
1256 2701 1379 2764 diutius

329 2817 425 2916 polla
440 2815 613 2910 dissiliant.
656 2819 818 2893 Cultorcs,
844 2813 1035 2909 quaesunt
1053 2815 1150 2887 libro
1168 2835 1201 2901 3.

405 2959 444 3026 Ρ.
462 2969 549 3046 494.
572 2977 618 3025 ex
637 2955 759 3052 legato
780 2955 1033 3028 Perizoniano.
1068 2961 1197 3055 Pomp.
1212 2957 1320 3030 Mela
1338 2953 1382 3026 in

328 3075 450 3148 charta
474 3095 509 3162 7.
631 3133 636 3142 .

403 3221 442 3288 P.
469 3218 553 3306 376.
585 3241 631 3290 ex
656 3217 746 3290 bibl.
773 3214 896 3291 Volsci.
948 3217 1059 3292 Liber
1085 3218 1132 3291 de
1164 3216 1235 3292 litu
1262 3217 1384 3308 orbis,

328 3363 441 3437 quem
481 3364 549 3436 pro
593 3339 882 3414 Venerabillimo
922 3341 1087 3438 Regique
1120 3337 1384 3438 gloriofiffimo

327 3465 363 3532 D
385 3467 420 3534 K
442 3467 473 3533 G
498 3460 685 3535 servorum
714 3470 763 3530 Di
791 3459 954 3534 extimus
988 3463 1029 3534 in
1060 3461 1204 3539 euboico
1240 3463 1385 3534 dieitur

328 3579 511 3680 scriplille,
537 3585 601 3656 ubi
616 3583 700 3656 sunt
714 3599 881 3681 excerpta
898 3608 944 3654 ex
958 3584 1069 3656 Mela.
1122 3583 1248 3657 Codex
1270 3602 1403 3698 vetus⁸

274 3805 276 3810 ,
327 3720 425 3777 etex
445 3704 557 3778 variis
580 3705 798 3805 geographis
816 3728 1018 3778 connexus.
1050 3710 1097 3777 In
1113 3705 1276 3780 membr.
1298 3727 1385 3795 115.

685 3915 1010 3979 Britannici.

277 4024 283 4036 ¹
400 4047 566 4146 Catelogi
584 4045 767 4121 librorum
782 4053 1000 4121 MSStorum
1015 4047 1170 4148 Angliae
1187 4068 1225 4126 et
1242 4051 1390 4128 Hiber·

320 4169 405 4247 niae
420 4171 462 4246 in
477 4195 596 4246 unum
612 4161 758 4248 collecti
781 4175 902 4247 oxon.
922 4175 1029 4269 1697.
1044 4169 1113 4247 fol.
