2816 4920
168 322 171 333 ·
296 291 340 366 76
587 291 844 371 nonronn
884 287 1050 359 necin
1180 285 1185 293 ·

303 491 372 544 ora
408 464 606 565 Ligurum
638 461 689 539 ad
721 461 925 541 Massiliam
962 483 1094 560 usque
1125 453 1333 561 dispepsae.

302 603 479 680 Baleares
506 601 561 694 ‚in
601 597 806 700 Hispania,
846 614 985 674 contra
1019 593 1337 674 Tarraconensia

277 803 279 814 .
304 737 422 813 litora
447 733 557 824 fitne,
592 761 676 812 uon
699 737 818 836 longe
838 734 942 809 inter
961 732 1000 810 se
1018 730 1195 821 distant,
1231 747 1272 806 et
1292 753 1338 806 ex

231 875 233 880 ’
308 868 432 973 spatio
470 867 533 947 sui
575 871 881 972 cognominibus
918 869 1110 969 acceptis,
1157 869 1340 954 maiores,

309 1008 566 1104 minoresque
600 1006 873 1106 perhibentur.
954 1001 1125 1083 castella
1162 1001 1261 1118 sunt
1299 1001 1342 1074 in

311 1139 557 1228 minoribus,
599 1145 808 1218 Ianmo.et
845 1143 978 1219 Maio:
1027 1141 1074 1215 in
1105 1137 1341 1224 maioribus,

258 1274 447 1350 ntPalma
485 1290 524 1349 et
560 1276 755 1352 Pollentia
788 1277 979 1354 coloniae.
1035 1272 1200 1353 Ebusoe
1236 1297 1261 1349 e
1288 1293 1344 1345 re·

317 1411 438 1508 gione
489 1415 780 1513 promontorii,
842 1412 955 1514 quod
1004 1413 1049 1488 in
1101 1401 1343 1486 Sucronenfi

317 1543 404 1623 sinu
433 1550 650 1624 Ferrariam
686 1564 844 1638 vocant,
884 1547 1028 1624 eodem
1066 1547 1244 1622 nomine
1281 1563 1344 1616 ur·

319 1681 411 1758 bem
441 1683 578 1773 babet,
620 1681 832 1760 frumentis
861 1697 1017 1758 tantum
1046 1707 1138 1759 non
1162 1674 1342 1761 fecunda,

321 1833 361 1890 at
383 1819 458 1892 alia
483 1819 647 1920 largior,
682 1834 721 1894 et
748 1821 934 1895 omnium
958 1817 1223 1904 animalium,
1250 1832 1344 1912 quae

321 1955 488 2040 nocent,
523 1953 622 2030 adeo
640 1978 797 2054 expers,
832 1968 947 2030 utne
965 1977 1010 2028 ea
1028 1952 1224 2054 quidem,
1252 1965 1343 2046 quae

323 2081 375 2158 de
393 2061 607 2184 agrestibus
629 2091 741 2164 mitia
760 2087 871 2177 sunt,
901 2103 970 2164 aut
993 2102 1178 2189 generet,
1207 2096 1294 2167 aut,
1318 2071 1343 2150 fi

268 2247 315 2297 nn
327 2219 482 2294 invecta
503 2218 613 2312 sunt,
645 2219 840 2299 sustineat.
898 2224 1045 2300 Contra
1075 2221 1134 2298 est
1160 2215 1345 2298 Colubra-

326 2355 403 2443 ria,
442 2356 558 2434 cuius
593 2356 811 2434 meminisse
842 2357 1054 2447 succurrit,
1091 2352 1227 2456 quod,
1262 2369 1345 2424 cum

327 2486 466 2566 scateat
497 2494 628 2570 multo
653 2519 697 2568 uc
718 2491 897 2570 malefico
923 2517 1067 2594 genere
1092 2485 1343 2591 serpentium,

329 2640 370 2702 et
392 2623 440 2701 stt
464 2625 559 2705 ideo
582 2627 871 2718 inhabitabilis,
905 2643 1037 2704 tamen
1056 2623 1233 2728 ingreffis
1256 2639 1344 2700 eam,

331 2763 434 2838 intra
456 2762 501 2839 id
523 2761 712 2864 spatium,
747 2761 860 2863 quod
885 2762 1095 2840 Ebusitana
1124 2761 1255 2838 humo
1279 2751 1345 2861 qit-

271 2897 275 2909 '
333 2896 700 2998 cumfignaverunt,
728 2897 809 2974 fine
823 2899 999 2999 pernicie
1016 2913 1056 2972 et
1075 2911 1159 2972 rata
1178 2888 1252 2980 est;
1285 2885 1344 2960 iis·

334 3032 426 3106 dem
450 3034 532 3108 illis
558 3031 822 3135 serpentibus,
858 3034 932 3132 qui
962 3031 1089 3109 [olent
1115 3028 1259 3104 obvios
1286 3015 1345 3091 ud*

334 3161 487 3266 petere,
516 3165 741 3269 adspectum
769 3168 854 3242 eius
878 3165 1077 3267 pulveris,
1101 3134 1221 3239 ¹aliud
1244 3152 1346 3230 velut

335 3301 460 3391 virus,
481 3304 624 3405 procul
644 3321 684 3378 et
703 3327 795 3378 cum
812 3325 960 3406 pavore
978 3297 1239 3405 fugientibus.
