2868 4930
469 351 568 411 cn.
603 351 708 413 vm.
1013 367 1110 415 extx

58 522 172 610 dicit,
202 519 240 592 se
260 515 406 592 mittere
417 519 565 590 Melam
583 515 727 590 nudum
748 531 786 588 et
805 509 880 588 dne
897 514 1015 608 notit,
1046 515 1108 590 sed

56 643 352 720 emendatiorem
375 655 411 710 et
430 637 645 712 nitidiorem
668 639 757 728 illo,
796 663 907 736 quem
928 656 992 712 tut
1012 643 1106 712 Her·

56 769 206 850 molam
236 761 412 836 Barbarus
442 761 735 834 Alexandrou
762 761 1000 850 dedicaverit,
1038 779 1105 834 eut

57 883 136 984 post
151 911 241 958 eum
258 881 446 956 Pintianue
460 881 697 981 expoliverit,
723 881 786 956 etsi
802 881 963 956 Pintiani
983 881 1105 956 imite-

57 1025 179 1082 torem
202 1030 289 1078 eum
315 1003 476 1099 adpellat
504 1004 666 1078 Orteliua
689 1005 729 1077 in
755 1005 841 1078 thes.
864 1003 1037 1104 Geognl'.
1064 1028 1102 1078 v.

60 1137 216 1202 Gildone.
265 1123 456 1198 subnectit
487 1123 620 1197 deinde
646 1127 786 1224 aliquae
813 1127 1103 1230 emendationet,

57 1273 218 1348 quarum
238 1247 279 1318 in
302 1245 544 1340 amplioribus
568 1251 842 1326 commentariie
861 1249 896 1323 se
919 1249 1102 1323 rationem

56 1371 290 1444 redditurum
327 1363 393 1439 elle
430 1366 644 1464 pollicetur;
694 1371 761 1467 qui
799 1397 847 1444 an
884 1367 1099 1466 prodierint,

54 1490 187 1564 nescio.
239 1487 519 1562 Dedicationem
551 1490 683 1586 repetit
717 1491 833 1564 editio
866 1489 1100 1564 Gronoviunt

56 1639 85 1686 a.
101 1631 215 1704 1743.
230 1637 267 1708 p.
285 1627 392 1704 ¹⁰49·
426 1608 616 1684 liarillima
633 1608 681 1686 eft
698 1614 785 1684 haec
804 1610 937 1699 editio,
963 1609 1100 1706 quippe

54 1759 168 1831 quam
190 1756 259 1804 nee
283 1729 440 1820 Voffiur,
474 1755 543 1804 neo
569 1733 755 1806 Antonius
781 1730 866 1828 ipse,
903 1731 1100 1828 Hispanus,

53 1855 242 1941 viderant,
268 1877 336 1926 nec
350 1851 537 1949 exquirere
557 1858 918 1950 potuerttllagerue.
958 1861 1008 1926 At
1021 1873 1100 1924 rect

54 1975 215 2048 omnino
237 1977 279 2046 in
306 1973 380 2071 ipsa
402 1972 574 2068 Hispania
594 1974 673 2046 eius
695 1999 802 2070 opera
832 1970 915 2062 esse,
951 1967 1098 2046 testutru

55 2104 207 2196 Gregor.
228 2091 426 2186 Majanfiue
445 2092 485 2164 in
506 2092 700 2190 specimine
717 2094 807 2168 bibt
823 2092 1003 2188 Hispano·
1016 2097 1097 2168 Me·

53 2216 251 2312 janliauue,
290 2215 391 2311 quod
419 2213 537 2285 edidit
555 2220 649 2287 Dav.
676 2217 861 2305 clement,
891 2214 957 2312 qui
979 2238 1015 2311 p.
1034 2239 1095 2309 99.

56 2363 103 2410 ex
124 2336 204 2431 ipso
228 2337 421 2409 oculorum
440 2333 506 2406 usu
527 2332 574 2407 sto
593 2335 776 2408 describit:
816 2345 856 2408 P.
877 2345 929 2408 M.
950 2377 1003 2392 -
1024 2341 1097 2406 libel

60 2478 122 2528 tres
143 2485 201 2546 per
220 2464 275 2526 Fr.
298 2463 472 2536 Suettium,
497 2457 694 2558 Broeerrsem.
720 2465 754 2526 in
780 2465 900 2548 inclyto
923 2463 1095 2529 Salmanti-

60 2582 140 2676 ceust
161 2581 540 2647 academia-Primorium
566 2585 765 2657 Rhetoricae,
802 2583 942 2648 Graecae
966 2583 1093 2668 lingum

60 2708 229 2776 doctorem,
244 2707 386 2786 purgati,
409 2705 541 2767 correcti
555 2717 584 2768 et
602 2705 762 2767 emendati
775 2705 990 2768 salmanticae
1002 2700 1093 2787 opud

60 2827 225 2891 Didonem
241 2846 263 2885 a
281 2819 385 2917 Cuffio
408 2835 515 2910 1593.
541 2838 577 2904 3.
631 2815 860 2892 Paucisfimaa
886 2837 1008 2890 tamen
1028 2813 1095 2890 ess'e

57 2943 132 3015 eiua
155 2939 429 3012 emendationes
450 2955 587 3012 monet.
626 2941 797 3012 schottus
813 2940 854 3010 in
870 2937 1094 3036 praefatione

57 3061 230 3137 omnibus
252 3059 332 3131 aliie
353 3059 544 3132 meliorem
566 3059 757 3156 praedicat.
810 3065 870 3134 Ex
889 3083 964 3156 quo
985 3055 1094 3133 fimul

57 3183 233 3268 efficitur,
269 3199 334 3255 aut
357 3181 398 3252 in
431 3205 528 3252 anno
557 3177 726 3252 aberrall'e
751 3183 997 3270 Clementem,
1030 3198 1094 3254 tut

55 3306 242 3404 duplicem
277 3300 380 3374 fuiffe
419 3301 498 3374 eius
534 3301 752 3391 editionem,
801 3328 958 3400 querum
993 3303 1093 3400 prior

54 3427 304 3502 Sebottiunam
325 3421 518 3520 praeceffit.
566 3432 616 3497 At
637 3425 677 3494 in
701 3449 799 3497 anno
824 3423 980 3498 minima
1002 3449 1094 3496 erra·

55 3568 136 3624 tum
151 3545 274 3634 firiffe,
305 3545 451 3641 adparet
465 3570 512 3616 ex
525 3569 587 3634 eo,
612 3545 713 3642 quod
735 3551 763 3618 1.
780 3544 988 3620 Gronovius
1006 3571 1092 3619 eun·

54 3671 139 3744 dem
158 3683 349 3740 memorat
388 3671 529 3760 Nempe
543 3665 603 3738 bic
619 3665 699 3740 eiua
715 3667 915 3764 exemplari
933 3667 1016 3740 usus
1032 3661 1092 3756 eil,

54 3790 155 3890 quod
175 3813 262 3862 oum
283 3783 448 3860 Chifiano
467 3784 592 3859 codice
617 3805 693 3860 erat
712 3789 921 3876 conlatum,
954 3787 1011 3859 uti
1031 3785 1093 3856 ad·

52 3912 175 3986 firmat
194 3911 234 3980 in
255 3906 477 4003 praefatione
497 3907 552 3980 ed.
568 3904 681 4002 t696.
732 3913 826 3982 Cum
847 3909 887 3982 in
909 3933 953 3984 eo
974 3906 1091 3996 ellem,

52 4021 102 4105 nt⁵
116 4034 185 4106 itta
206 4031 365 4126 potirer,
400 4028 537 4126 inipso
564 4027 625 4106 via
652 4027 742 4104 belli
762 4018 967 4114 inturfibite
993 4028 1092 4102 mele
