2856 4926
469 369 569 428 etr.
609 369 693 432 vlt.
1023 385 1109 434 ml

78 539 277 624 laeculi15.
305 533 488 624 ineuntis,
532 551 597 608 aut
629 531 798 608 exeuntia
830 553 889 626 14.
925 535 1112 638 splendide

12 677 13 696 ¹
78 662 275 747 adornatus,
301 675 338 730 et
356 655 490 754 incipit
514 682 536 732 e
561 657 702 732 verbio:
749 663 920 748 Pomponii
942 667 1049 730 Melae
1072 666 1113 732 aa

80 781 322 880 Cnsmographie
352 785 545 868 prooemium
575 787 702 868 incipit.
754 777 870 854 Usum
895 781 974 856 elue
999 781 1113 856 debui
1230 820 1236 832 ·

12 961 13 1012 3
77 901 223 1006 langeri
243 897 441 975 doctiffimi
460 917 497 973 et
517 895 766 974 officiofiffimi
784 899 1011 976 liberalitati.

12 1553 14 1624 l

142 1145 431 1244 llehdigerianue
447 1169 492 1218 ex
511 1143 635 1243 legato
651 1143 868 1244 Rehdigeri,
893 1171 1007 1246 quem
1028 1173 1116 1224 eon·

77 1267 160 1342 tinet
183 1264 420 1356 vratislavia,
453 1283 489 1338 et
513 1266 559 1338 ad
581 1283 797 1340 contextum
820 1270 943 1344 Melae
970 1269 1115 1348 editura

78 1389 354 1488 comparandum
390 1405 534 1483 promte
572 1387 802 1461 humanitate
833 1387 882 1460 ad
913 1415 974 1466 me
998 1409 1116 1483 nana·

77 1511 163 1586 milit
202 1508 448 1599 Scheibeliue,
475 1508 576 1582 ¹eius
616 1507 860 1583 bibliothecae
909 1513 1115 1610 praefectur

12 1639 13 1660 ¹
78 1629 304 1706 docnllimua.
336 1631 517 1708 Eiusdem
530 1629 679 1707 ridetur
695 1629 763 1708 elle
782 1631 921 1728 aetatis,
945 1661 1059 1736 quam
1073 1637 1116 1714 in

12 1939 18 2328 l

77 1757 242 1851 proximo
263 1743 418 1832 notavi·⁴

141 1997 337 2098 Liplienlie
360 1995 658 2072 membranaceus
680 1995 801 2070 forma
824 1975 1033 2092 octonaria,
1059 1999 1116 2078 fo-

76 2121 130 2194 liis
149 2140 210 2214 54.
270 2129 329 2196 Ex
365 2119 587 2196 bibliotheca
624 2124 678 2192 10.
705 2115 830 2192 Christ.
866 2123 1117 2222 Wagmseilii,

77 2245 172 2316 cuius
191 2232 336 2342 infig'ne
354 2259 392 2316 et
411 2263 550 2344 nomen
572 2241 612 2314 in
634 2240 779 2314 adversa
803 2241 990 2318 involucri
1012 2265 1118 2344 parta

77 2365 303 2464 mospicitur,
332 2365 374 2438 in
397 2364 623 2438 Senatoriam
644 2361 820 2436 transiille
846 2363 1009 2440 videtur.
1057 2375 1119 2443 ln·

75 2487 304 2583 scriptionem
339 2487 453 2585 gerit:
504 2484 702 2582 Pomponii
733 2487 851 2560 Melle
884 2487 930 2561 ‹le
971 2489 1119 2566 colmo-

76 2609 180 2710 grafia
205 2609 297 2682 libri
324 2625 398 2682 trea
428 2605 616 2704 incipiunt
647 2603 814 2680 feliciter.
865 2609 1009 2682 Literae
1034 2609 1120 2686 sunt

75 2731 300 2818 luculentae,
336 2727 411 2826 ipsa
432 2727 612 2802 vocabula
642 2723 784 2800 talitatis
811 2728 1119 2826 compendiorum
1218 2776 1224 2796 .

76 2855 170 2926 notis
203 2851 352 2948 scripta,
392 2849 570 2948 quaedam
602 2847 714 2938 masa,
754 2865 791 2921 et
820 2873 865 2922 ex
890 2849 1011 2923 rasura
1034 2851 1121 2930 sunt

12 2975 13 3070 j
77 2975 284 3062 emendata,
325 2970 480 3046 delenda
512 2969 674 3042 subiecto
712 2988 855 3066 puncto
893 2970 1119 3066 indicantur,

78 3093 198 3168 nmilia
224 3093 286 3166 vel
302 3093 400 3165 inter
419 3107 614 3164 contextus
637 3091 775 3181 lineae,
808 3094 869 3168 vel
889 3095 931 3166 in
953 3095 1122 3194 margine

78 3217 308 3317 lubplentur,
364 3212 429 3310 qui
468 3214 580 3286 etiam
619 3213 803 3310 repetebat
840 3215 954 3288 rubro
995 3217 1121 3292 colore

77 3337 211 3440 Quota
229 3335 382 3410 nomina
403 3335 591 3424 locorum,
621 3335 684 3408 vel
705 3331 830 3430 paffim
853 3335 973 3410 variae
993 3337 1121 3413 lentie·

77 3489 151 3552 nee,
183 3479 227 3534 et
257 3457 457 3532 verborum
490 3455 763 3552 explicationes,
798 3479 834 3528 v.
863 3481 893 3528 c.
919 3455 1119 3534 etefiarum.

12 3657 13 3664 ,
78 3586 129 3658 Ad
144 3583 260 3661 verbe
276 3579 365 3654 libri
383 3603 415 3668 t,
435 3581 492 3668 16,
514 3601 544 3650 1.
570 3595 608 3647 nt
629 3583 735 3647 altena
758 3585 853 3647 etiam
874 3581 955 3650 bella
977 3589 1122 3653 meede

78 3711 292 3796 irrogarent
321 3699 494 3799 adscripta
523 3701 611 3772 haec
640 3697 741 3772 sunta
780 3699 853 3798 Qui
879 3699 996 3774 aliena
1023 3701 1121 3778 bella

78 3825 244 3900 mercede
279 3822 497 3920 suscipiunt,
540 3821 652 3896 hodie
684 3836 774 3918 aput
804 3819 876 3894 noi
909 3847 989 3896 noa.
1017 3821 1123 3920 (lic)

78 3949 270 4021 Lectionee
310 3942 410 4040 saepe
447 3943 595 4018 exhibet
632 3941 789 4016 minime
823 3945 1120 4020 contemnendae.

79 4072 164 4146 nur
180 4085 279 4144 retae
297 4063 500 4141 revocanda
524 4065 675 4146 videtur
690 4063 740 4138 rt
753 4061 840 4138 laec.
859 4081 919 4164 14.
