2816 4920
187 423 251 482 DE
288 421 403 484 stru
439 417 586 483 (iuli
622 421 713 482 m.
743 421 786 484 Π.
828 423 952 492 GVH.
1044 433 1086 498 't

59 591 302 698 getoenunm
317 595 363 672 iu
376 593 510 670 vicina
518 591 620 673 vada
637 610 859 696 promovet
888 599 935 672 In
950 593 1082 674 'Africa
1097 627 1120 698 7

60 746 198 808 contra
216 730 410 806 maiorem
426 729 577 830 Syrtim
593 728 816 808 Euteletoe:
854 747 989 808 contra
1006 734 1083 810 mi·

58 867 170 944 noris
194 864 489 966 promontoria,
517 863 689 940 Meninx
706 877 747 938 et
762 865 948 942 Cercina:
987 891 1084 944 eon·

58 1015 117 1076 ua
147 999 396 1100 Carthaginis
424 997 574 1088 smum,
614 998 821 1075 Tarichiae
845 1015 886 1076 et
908 1004 1083 1104 Aegates,

58 1139 242 1215 Romana
263 1133 373 1209 clade
394 1131 682 1210 memorabiles.
739 1133 878 1212 Plures
896 1139 1120 1240 Europaess

58 1269 248 1348 litoribus
292 1266 386 1348 lunt
422 1265 639 1370 adpolltae:
691 1268 737 1345 in
780 1271 935 1372 Aegaeo
980 1275 1083 1352 mari

57 1429 187 1507 prope
206 1403 415 1480 Thraciam
435 1399 596 1492 Thasos,
626 1401 792 1494 Imbros,
819 1406 1084 1502 Samothrace,

57 1538 263 1630 Scandile,
305 1539 544 1640 Polyaegos,
579 1536 778 1629 Sciathos,
814 1539 1084 1633 Halonnesos3

57 1690 118 1765 et,
159 1699 282 1776 quam
310 1671 547 1774 aliquando,
566 1673 798 1766 omnibus,
838 1676 912 1776 qui
956 1699 1085 1754 mares

56 1824 190 1898 erant,
226 1805 358 1898 caelis,
389 1823 547 1884 tantum
565 1805 738 1884 feminae
757 1805 924 1886 tenuille
941 1808 1086 1888 dicun-

57 1961 140 2034 tur,
169 1943 275 2022 Atho
297 1945 428 2021 monti
448 1947 622 2020 Lemnos
647 1941 819 2027 adversa.
874 1943 1085 2047 Pagasaeus
1206 1977 1209 1986 ·

58 2077 170 2161 tinus
191 2083 343 2180 Scyron
364 2075 573 2180 prospicit,
603 2077 859 2179 Cicynethon
883 2083 1086 2182 amplecti·
1205 2087 1210 2100 '

56 2231 166 2320 tur„
210 2213 374 2290 Euboea
414 2211 464 2288 ad
499 2209 712 2288 meridiem
755 2217 1123 2322 promontoriumo

57 2347 276 2428 Geraeston
315 2364 356 2425 et
402 2345 623 2452 capharea,
673 2347 724 2424 ad
761 2346 1086 2452 septemtrionem

56 2487 265 2564 Cenaeum
292 2481 485 2572 extrudit,
521 2497 562 2560 et
589 2507 790 2586 nusquam
818 2484 912 2574 lata,
955 2484 1087 2562 duum

55 2615 414 2725 miliumjlpatium
428 2617 565 2707 habet,
592 2617 666 2695 ubi
682 2615 860 2695 artillimu
877 2617 953 2696 esta
983 2636 1087 2696 cete·

56 2779 154 2834 rum
171 2754 304 2854 longa,
333 2754 489 2853 totique
505 2755 693 2830 Boeotiae
709 2751 894 2856 adpulita,
920 2751 1088 2855 angusto

56 2887 166 2977 freto
198 2888 314 2966 distat
341 2889 512 2964 alitore.
569 2887 754 2990 Euripon
781 2903 945 2979 vocant,
983 2889 1090 2990 rapi·

58 3025 162 3104 dum
189 3047 316 3113 mare,
354 3039 414 3113 et,
447 3022 600 3100 alterno
630 3020 750 3102 cursu
776 3019 918 3127 septies
947 3021 1015 3100 die
1042 3047 1090 3100 ao

58 3158 205 3264 septies
228 3173 348 3236 noete
371 3153 559 3237 fluctibus
581 3159 627 3235 in
649 3159 780 3237 vicem
806 3157 956 3264 versu,
987 3157 1089 3236 adeo

57 3291 280 3372 immodice
306 3289 455 3384 fluens,
503 3309 551 3370 ut
579 3307 720 3372 ventos
747 3295 867 3370 etiam
896 3318 940 3369 ao
969 3293 1089 3396 plena

56 3431 194 3510 ventis
215 3429 374 3528 navigia
397 3425 622 3506 frustretur.
679 3429 846 3530 Aliquot
865 3429 910 3504 in
932 3452 976 3504 ea
997 3426 1092 3504 lunt

58 3561 227 3668 oppida,
251 3565 379 3665 Styra,
402 3561 564 3652 Eretria,
586 3562 752 3664 Pyrrha,
775 3561 915 3654 Nesos,
941 3561 1091 3640 Oeelra·

57 3701 138 3778 lia:
167 3721 314 3776 verum
334 3693 644 3799 opulentillimae
660 3695 847 3800 Carystos
865 3713 906 3774 et
922 3697 1089 3776 Chalcis.

56 3838 110 3916 In
128 3831 294 3912 Atthide
309 3829 552 3929 Helenqest,
577 3848 672 3911 nota
690 3830 826 3935 stupro
843 3834 1029 3922 Helenae,
1051 3845 1148 3907 etto

60 3971 249 4061 Salamin,
281 3966 438 4046 excidio
461 3965 577 4046 claffie
601 3965 773 4045 Perlioae
792 3970 953 4046 notior:
991 3967 1093 4041 eirca

61 4101 371 4212 Peloponneson
390 4103 510 4182 etiam
528 4103 702 4183 nuncin
727 4104 881 4206 Aegaeo
907 4095 1094 4204 Pityulla,

679 4257 706 4330 p
732 4253 755 4307 a
