2816 4920
270 353 274 368 '
348 399 392 476 94
630 388 884 450 rorrronn
925 389 1093 450 narra

346 565 459 642 laetis
474 562 617 651 modo,
646 558 851 637 sedetiam
873 560 1078 653 dulcibus,
1107 577 1154 640 ut
1169 561 1208 638 se
1227 565 1351 666 exigua

345 716 457 802 parte
472 700 553 776 diei
569 721 710 800 pecora
725 696 929 797 impleant,
957 713 996 772 et
1014 697 1089 776 nisr
1104 700 1251 800 pabulo
1268 724 1351 800 pro·

344 835 577 924 bibeantur,
612 831 764 908 diutius
783 827 889 933 pasta
910 830 1108 910 dissiliant
1181 833 1351 910 Cultoret

343 972 432 1048 eius
468 966 666 1046 inconditi
704 962 820 1057 sunt,
867 982 906 1042 et
943 970 1127 1046 omnium
1165 971 1351 1045 virtutum

342 1104 472 1206 ignari
493 1103 634 1203 magis,
662 1125 784 1200 quam
807 1101 905 1176 aliae
924 1117 1079 1203 gentes3
1118 1105 1271 1205 pietatis
1292 1101 1350 1178 ad·

303 1259 324 1329 7
344 1237 514 1316 modum
535 1249 721 1337 expertes.
779 1237 961 1336 Triginta
979 1235 1070 1315 sunt
1087 1237 1266 1330 Orcades,
1290 1262 1349 1312 an·

340 1371 462 1474 gustis
487 1373 594 1450 inter
619 1369 659 1447 se
681 1369 865 1444 diductae
889 1368 1041 1471 spatiis:
1083 1370 1233 1474 septem
1258 1379 1349 1449 Hae·

338 1507 503 1598 modae,
542 1523 679 1585 contra
715 1473 966 1580 Germaniam
1000 1522 1146 1584 vectae.
1212 1513 1257 1586 In
1281 1509 1347 1584 illo

339 1641 448 1732 sinu,
495 1669 617 1744 quem
654 1638 865 1720 Codanum
900 1639 1092 1733 diximus,
1133 1669 1184 1720 ex
1219 1640 1347 1720 insulis

337 1777 620 1866 Soandinovia,
650 1799 770 1876 quam
785 1773 916 1850 adhuc
932 1779 1108 1854 Teutoni
1128 1793 1281 1867 tenent,
1306 1788 1346 1853 ut

336 1909 580 1990 fecunditate
617 1913 728 1998 alias,
774 1911 829 1983 ita
870 1910 1148 2010 magnitudine
1186 1909 1342 1988 antestat.

297 2052 445 2153 8Quae
471 2045 655 2122 Sarmatis
679 2041 838 2120 adversa
860 2040 970 2136 sunt,
1010 2048 1063 2121 ob
1090 2049 1261 2125 alternos
1290 2069 1343 2118 ao·

333 2178 454 2260 celsus
468 2177 729 2279 recursusque
746 2180 887 2280 pelagi,
915 2196 956 2256 et
973 2182 1086 2278 quod
1101 2181 1237 2284 spatia,
1262 2179 1342 2281 quis

332 2313 495 2404 distant,
529 2312 654 2390 modo
678 2317 918 2413 operiuntur
937 2316 1075 2406 undis,
1103 2318 1229 2395 modo
1243 2313 1340 2393 nuda

329 2450 439 2542 sunt,
468 2451 561 2526 alias
579 2445 731 2524 insulae
749 2447 957 2540 videntur,
985 2446 1180 2529 alias'una
1197 2470 1236 2530 et
1256 2476 1339 2528 con·

326 2588 460 2664 tineus
488 2601 600 2662 terra.
671 2586 719 2659 In
749 2582 812 2658 his
838 2578 912 2658 elle
935 2589 1129 2677 anonas,
1167 2588 1238 2690 qui
1259 2585 1337 2664 ovis

329 2725 467 2800 avium
500 2717 737 2823 palustrium
765 2731 803 2792 et
830 2721 966 2796 avenis
991 2735 1146 2798 tanturn
1171 2727 1335 2802 alantur:

222 2913 232 2924 ,
326 2855 401 2934 elle
422 2859 580 2957 equinis
600 2853 771 2956 pedibus
791 2854 1069 2954 Hippopodas,
1104 2863 1356 2944 et-Panotos,

227 3063 229 3068 .
325 2994 474 3094 quibus
497 3015 661 3092 maguae
679 3012 812 3077 aures,
848 2987 956 3062 etad
976 2991 1235 3070 ambiendum
1257 3013 1333 3067 cor·

323 3153 402 3228 pus
429 3151 548 3204 omne
574 3123 750 3226 patulae,
791 3119 913 3197 nudas
937 3123 1117 3223 alioquin
1139 3153 1216 3230 pro
1236 3121 1331 3201 vesto

324 3258 411 3352 sint,
428 3277 700 3362 praeterquam
719 3255 828 3356 quod
844 3252 988 3332 fabulis
1006 3257 1187 3353 traditur,
1207 3276 1331 3341 aucto·

322 3419 384 3472 res
410 3396 548 3482 etiam,
591 3417 691 3492 quos
716 3387 828 3489 sequi
859 3415 944 3467 non
971 3393 1120 3493 pigeat,
1161 3395 1326 3472 invenio.

284 3528 457 3628 9Thule
480 3531 694 3627 Bergarum
716 3524 827 3601 litori
849 3521 1022 3624 obposita
1042 3526 1115 3617 est,
1153 3531 1275 3606 Graiis
1294 3540 1328 3602 et

318 3659 463 3740 nostris
479 3661 669 3736 celebrata
685 3659 935 3734 carminibus.
993 3663 1040 3736 In
1057 3686 1120 3752 ea,
1150 3659 1326 3764 quodibi

317 3795 378 3876 sol
405 3797 525 3896 longe
557 3791 763 3872 occasurus
792 3791 982 3894 exsurgit,
1027 3797 1166 3874 breves
1193 3798 1325 3897 utique

316 3947 454 4009 noctes
486 3926 598 4006 sunt:
647 3921 715 4004 sed
746 3953 818 4028 per
847 3928 1041 4020 hiemem,
1076 3931 1174 4010 siout
1195 3930 1323 4018 aliubi,

300 4064 524 4166 obscuram
554 4061 691 4154 aestate
711 4062 879 4154 lucidae,
902 4063 1015 4166 quod
1030 4067 1161 4169 perid
1176 4083 1331 4172 tempus.
