2888 4926
285 383 336 440 tu
375 379 686 438 -rontroutuu
728 383 913 440 mortu.
1077 395 1119 468 4⁹

72 553 222 612 mederer
243 547 292 605 ubi
306 549 337 604 in
353 547 453 606 Nolim
468 550 553 605 marie
571 563 674 604 traetur
690 549 798 604 excedit
812 572 835 613 ι,
849 566 876 614 o,
887 565 916 620 5.
947 567 1018 610 terre
1034 555 1119 638 longe

119 635 234 690 distentu
257 635 390 688 excederit
414 649 441 693 2,
459 653 484 694 ι,
500 646 529 700 5.
569 633 673 689 Galliac
689 652 735 687 ora
757 634 785 687 in
810 635 921 716 pelagus
936 641 1069 697 excudent
1089 659 1117 710 3,

120 735 150 780 Ω,
173 740 197 773 ι.
236 719 281 774 ubi
302 721 445 792 adponitur
468 717 626 782 abscederet
655 719 686 772 in
706 716 793 774 ultum
815 720 937 783 ltalie2,
959 733 988 795 4,
1013 745 1037 780 ι.
1073 729 1119 784 aba·

122 806 152 857 di
164 807 295 877 tinguitur
315 824 333 857 u
354 800 511 876 procedere.

76 889 230 950 excellere‚·
258 886 314 940 duo
337 885 459 940 maximo
480 883 619 940 excellunt
642 906 667 947 r,
688 905 734 950 rr,
752 901 781 940 ι.
822 887 854 942 Iu
876 889 965 944 multis
986 895 1120 952 codicibus

122 969 214 1046 exstet
234 971 270 1026 ibi
292 969 441 1030 excellent,
472 974 511 1024 uti
526 971 581 1026 elia
603 971 682 1024 rerba
701 974 729 1023 in
745 987 854 1045 utraque
875 979 1061 1046 coniugatione
1077 999 1120 1034 cc·

122 1071 240 1110 currunt.
264 1055 298 1115 V.
316 1057 352 1110 ll.
373 1074 397 1113 ι.
414 1076 442 1128 p.
454 1067 523 1126 591.
551 1057 633 1108 i'amt
649 1053 725 1108 Idaei
738 1057 839 1110 moutit
856 1055 965 1110 excellit
983 1076 1009 1120 ι,
1026 1072 1052 1124 7,
1072 1079 1118 1120 ις.

77 1139 215 1194 excidium
224 1161 233 1202 ,·
255 1138 339 1192 classis
354 1141 470 1192 l‘erficte
484 1152 512 1197 2.
526 1153 554 1204 7,
571 1157 616 1192 ιο.
644 1139 793 1192 Laconicae
804 1155 831 1198 2,
841 1153 868 1199 2,
879 1155 905 1202 7.
930 1141 995 1197 urbe
1012 1146 1119 1218 (ilium)

123 1221 199 1278 bello
222 1223 387 1295 excidioque
412 1221 554 1276 elarillimo
574 1242 599 1284 t,
627 1233 672 1290 ¹8·
696 1237 724 1289 5.
766 1223 903 1302 Certltngo
926 1229 1052 1298 priorum
1075 1249 1122 1286 ex·

124 1307 200 1360 cidio
214 1325 324 1367 rerum,
353 1325 436 1379 quarn
452 1324 504 1380 opt
520 1307 702 1380 praesentium
721 1304 822 1360 clarior
841 1327 865 1368 ι.
882 1323 909 1374 7,
925 1325 952 1364 u.

79 1393 219 1446 excidium
239 1405 268 1445 et
288 1389 444 1465 exscidium.
481 1391 516 1447 V.
533 1394 570 1444 ll.
590 1405 616 1444 o.
641 1410 667 1462 p.
690 1409 757 1448 ιιι.

78 1479 226 1548 excipere:
256 1479 327 1529 sinus
350 1491 398 1528 ore
421 1473 532 1552 angusto
554 1475 697 1526 radmilium
721 1493 795 1528 mare
811 1493 867 1528 nou
883 1475 994 1553 angusto
1015 1477 1123 1536 ambitu

126 1561 266 1633 excipiens
285 1575 312 1626 3,
333 1579 358 1619 r.
373 1577 400 1630 9.
440 1559 495 1612 lruc
518 1559 635 1636 egrtllor
655 1576 758 1628 aequor
780 1559 951 1614 Atleuticurn
972 1563 1076 1636 excipit
1094 1579 1122 1632 3,

131 1664 158 1704 r,
175 1658 202 1710 3.
232 1643 458 1718 promontorium
474 1657 673 1716 praetervectos
690 1645 761 1696 smus
777 1643 881 1718 excipit
902 1664 924 1703 ι,
944 1655 988 1712 ¹8·
1007 1661 1033 1698 ι.
1063 1651 1124 1703 Alit

129 1727 220 1780 medie
241 1727 337 1782 nollrie
359 1725 524 1800 aequoribus
553 1726 692 1800 excipitur
712 1745 736 1785 ι,
754 1741 781 1785 2.
803 1745 826 1780 r.
869 1727 932 1780 ltaec
956 1731 1124 1806 purgatior

127 1811 223 1865 Piceni
247 1811 327 1866 litora
350 1811 494 1885 excipiunt
512 1825 538 1870 ι,
554 1823 582 1883 4,
602 1809 630 1864 6.
669 1813 741 1864 stoue
758 1811 861 1884 excipit
876 1811 990 1866 iluminr
1008 1829 1034 1872 2.
1049 1813 1076 1874 6,
1094 1814 1123 1870 6.

128 1895 215 1973 tigre·
236 1896 391 1970 proiectum
413 1893 534 1950 centlum
555 1893 698 1968 excipiunt
719 1907 746 1962 5,
769 1907 798 1960 5,
816 1883 861 1958 7.'
882 1894 993 1951 edrerlo
1015 1899 1125 1976 agmine

129 1979 223 2054 excipi
240 1995 267 2048 5,
285 1989 314 2048 Β,
328 1998 357 2054 9.
388 1979 416 2034 V
414 1979 504 2034 erbum
519 1979 649 2034 bellicum.
682 1979 715 2032 V.
734 1981 784 2032 111.
802 1991 829 2046 3.
845 2001 873 2050 p.
889 1978 960 2048 568.

85 2068 213 2136 excipere
234 2079 262 2118 et
282 2067 409 2136 accipere.
447 2063 482 2120 V.
497 2066 534 2117 11.
554 2082 579 2116 ι.
596 2080 623 2137 p.
642 2061 702 2129 635
717 2064 752 2136 lq.
776 2077 804 2117 et
825 2064 903 2138 [upra
918 2063 936 2116 i.
953 2082 982 2116 v.
999 2069 1126 2136 arripere.

129 2147 183 2202 ubi
212 2148 313 2203 vitiose
334 2146 487 2222 exprellum
511 2144 547 2201 est
567 2165 593 2220 p.
609 2145 679 2212 655.
709 2149 744 2200 ll.
762 2161 789 2214 3.
806 2165 833 2220 p.
853 2159 919 2219 ¹4¹·
969 2151 1126 2222 Utrumque

131 2233 215 2286 etiam
237 2231 356 2286 verbum
380 2231 410 2284 in
431 2231 513 2284 fimili
536 2249 611 2284 nexu
634 2231 786 2304 promiscue
807 2233 939 2306 ponitur.
973 2247 1004 2286 ut
1027 2233 1128 2289 docent

131 2315 257 2389 exempla
279 2317 424 2390 propolim.

87 2399 252 2462 mitidum
275 2397 399 2453 excluiut
420 2411 496 2450 nutet
513 2395 586 2452 mole
607 2398 747 2453 montium
763 2415 889 2460 oceanus,
914 2401 976 2474 clip.
994 2421 1069 2456 nunc
1084 2401 1130 2457 etl·

132 2483 230 2536 millur
250 2503 273 2544 r,
289 2497 317 2549 5,
332 2497 360 2549 3.
381 2500 443 2556 part
458 2481 604 2556 Hispaniae
619 2481 652 2536 ad
669 2481 794 2536 dextram
804 2485 943 2558 Pyrenaeo
960 2485 1129 2549 excluditur,

134 2571 153 2622 i.
170 2589 193 2621 c.
213 2564 359 2642 separetur
376 2581 402 2626 2.
419 2565 447 2626 6,
467 2586 491 2619 ι.

88 2651 231 2711 excolere.-
254 2649 378 2704 excultae
395 2647 476 2703 urber
493 2662 520 2716 5,
542 2668 588 2711 ro,
609 2665 635 2704 ι.

89 2755 250 2798 menen,-
271 2735 348 2813 regio
362 2729 437 2788 inte'r
452 2735 572 2788 Pontum
589 2731 773 2809 Paludemque
787 2731 820 2788 ed
834 2737 990 2810 Borporurn
1006 2734 1130 2788 excurrit

138 2839 165 2878 r.
184 2837 231 2892 ι9,
252 2831 298 2886 15.
329 2817 442 2892 obliqua
457 2832 517 2871 tum
530 2816 610 2896 plaga
625 2817 658 2872 ad
672 2821 830 2893 Bouporum
846 2837 994 2873 excurtem
1010 2831 1038 2879 t,
1057 2837 1081 2881 ι,
1100 2833 1128 2872 t.

133 2901 220 2976 Alpes
246 2903 338 2978 primo
368 2900 401 2955 ad
432 2903 653 2976 septemtrionem
682 2921 783 2979 magno
811 2902 899 2980 gradu
926 2916 1080 2956 excurrunt
1103 2915 1132 2962 2,

134 2997 167 3058 4.
187 3005 232 3040 ιο.
267 2985 346 3064 plaga
370 2986 443 3040 inter
462 3001 613 3058 utrumque
635 2986 746 3064 pelagus
768 2986 891 3042 excurrit
907 3000 934 3052 5,
952 2997 979 3055 3.
997 2984 1024 3042 6.
1068 3003 1132 3060 pro·

134 3069 309 3124 montorium
333 3071 363 3122 in
384 3088 515 3124 occanum
538 3087 685 3124 excurrens
703 3085 729 3130 2,
745 3069 772 3132 6,
788 3087 817 3144 9.
861 3071 902 3124 De
927 3071 991 3124 loeis
1011 3065 1049 3144 est
1069 3088 1132 3144 pro·

136 3157 252 3214 minere,
279 3152 394 3229 exstare.
431 3153 494 3208 Vici.
520 3154 694 3226 Oudendorp.
723 3156 760 3208 ed
789 3156 895 3208 Lucan.
922 3165 951 3222 8,
980 3166 1050 3228 539.
1084 3171 1133 3226 pet

136 3236 278 3292 Tlreffnlot
298 3241 401 3292 Peneus
423 3238 555 3297 excurrit,
575 3240 592 3291 i.
608 3259 630 3291 e.
648 3239 739 3313 effluit
753 3253 781 3300 ι.
798 3251 826 3305 5,
843 3257 867 3293 ι.
910 3238 938 3291 in
960 3256 1035 3292 oram
1055 3235 1132 3292 illum

135 3319 301 3376 Chelonates
317 3337 344 3375 et
361 3325 466 3376 Araxos
481 3336 633 3375 excurrunt
649 3338 676 3382 2.
694 3337 721 3389 5,
738 3341 767 3396 9.
805 3322 883 3377 Oxos
903 3322 936 3373 ad
957 3323 1081 3376 nemium
1101 3321 1135 3375 eb

63 3399 69 3418 ⁸
137 3405 246 3460 oriente
268 3403 439 3479 aliquamdiu
462 3424 609 3460 excurrens
626 3420 653 3474 3.
676 3419 706 3476 5.
731 3409 759 3460 u.
791 3408 809 3462 i.
826 3425 849 3460 e.
872 3425 1044 3479 procurrent,
1073 3407 1135 3480 quic

137 3487 201 3565 post
217 3491 321 3544 demum
330 3489 451 3565 sequitur
465 3507 495 3544 ot
512 3489 609 3564 operit.

93 3593 237 3637 exercere,-
267 3589 294 3628 et
316 3571 405 3627 colere
426 3587 554 3651 agrurn,
578 3593 605 3636 ι,
630 3591 676 3626 ιι.
712 3571 875 3626 commercia
892 3585 918 3634 Β.
937 3591 961 3633 ι.
982 3589 1028 3628 ιο.
1064 3569 1137 3627 vaste

141 3658 248 3712 animo·
263 3672 291 3713 et
304 3675 420 3732 corpora
440 3671 568 3712 exercent
590 3661 604 3725 (
613 3657 759 3723 Germani)
776 3670 805 3724 3,
822 3669 850 3723 3.
868 3670 897 3710 ι.

96 3745 265 3806 exercitaret
293 3743 318 3796 le
333 3761 363 3794 ac
378 3743 439 3796 iuoe
452 3741 532 3795 curlu
548 3753 575 3802 o,
594 3760 618 3801 ι,
635 3751 663 3806 5.

96 3827 260 3888 exlraurirer
290 3823 419 3880 exhausto
441 3823 543 3886 fluctu.
571 3827 592 3883 i.
612 3844 636 3878 e.
654 3824 754 3896 finito.
777 3821 916 3894 deficiente
932 3823 998 3876 muri
1015 3831 1043 3886 3.
1061 3836 1089 3893 9·
1108 3829 1137 3885 5·

145 3911 180 3964 V·
197 3912 232 3964 u.
250 3923 278 3976 5·
299 3931 328 3983 r·
346 3906 478 3984 cusu·

97 3997 228 4067 ext'gerer
256 3991 344 4071 exigit
365 3993 435 4047 ordo
452 4006 479 4052 2,
494 3999 524 4064 4,
542 4010 569 4045 r.
605 3988 655 4058 ubi
675 3989 818 4067 negotium
843 3999 983 4066 exegerat.
1012 3987 1029 4038 ι’.
1052 4003 1075 4038 e.
1098 4003 1140 4039 rer

140 4075 326 4154 postulaverat
345 4097 370 4138 ι.
391 4095 419 4150 9,
435 4094 463 4150 9.
500 4089 532 4130 ιιι
552 4073 649 4130 cedent
665 4089 694 4129 et
709 4077 823 4148 sequent
844 4071 926 4126 hostie
950 4067 1054 4144 exigit.
1079 4068 1098 4122 i.
1114 4088 1139 4122 e.

123 4181 212 4236 index
229 4183 258 4235 in
276 4181 373 4255 Pomp.
391 4179 468 4236 Met.
821 4177 849 4229 D
