2816 4920
372 391 414 454 61
655 337 914 452 romromtr
956 383 1125 452 MELAE

372 559 546 665 delapsa,
580 561 648 640 sed
672 567 842 654 Varum,
881 565 975 665 quia
999 565 1148 642 Italiam
1175 557 1282 654 finit,
1315 562 1372 640 ali·

318 715 523 801 loquanto
548 705 694 777 notius.
761 701 880 802 Alpes
907 699 1012 803 ipsae
1039 701 1087 776 ab
1112 699 1176 780 hia
1204 699 1372 776 litoribus

369 839 489 938 longe
513 837 669 937 lateque
691 831 877 925 diffusae,
913 837 1045 937 primo
1068 834 1118 910 ad
1145 833 1373 936 septemtrio·

368 997 463 1050 nem
477 996 622 1072 magno
640 972 766 1075 gradu
783 988 1022 1047 excurrunt:
1051 970 1198 1047 deinde
1212 970 1282 1046 ubi
1292 972 1373 1042 Gar·

367 1109 540 1187 maniam
561 1106 799 1206 adtigerunt,
828 1103 942 1184 verso
961 1107 1117 1206 impetu
1133 1106 1177 1180 in
1196 1106 1372 1180 orientem

256 1329 261 1343 Ι
367 1243 534 1331 abeunt,
563 1240 824 1344 diremtisque
847 1242 1010 1343 populis
1032 1241 1293 1331 immanibus,
1318 1261 1371 1315 m·

365 1401 446 1480 que
467 1378 512 1454 in
533 1377 743 1454 Thraciam
762 1390 984 1479 penetrant.

745 1695 910 1774 CAP.
964 1698 1011 1772 V.

563 1857 752 1939 Gallia
808 1853 1192 1972 Narbonensis.
1324 1813 1329 1822 Ι

323 2085 343 2134 1
448 2058 574 2133 Gallia
592 2063 796 2136 Lemanno
819 2061 908 2138 lacu
926 2075 964 2135 et
982 2028 1220 2137 Cebennicis
1240 2051 1367 2136 monti·

266 2256 278 2278 χ
359 2193 434 2269 bns
452 2194 498 2267 in
514 2191 598 2271 duo
618 2194 736 2269 latera
756 2193 901 2284 divisa,
930 2212 1048 2296 atque
1066 2195 1192 2272 altero
1208 2188 1366 2268 Tuscum

359 2327 522 2430 pelagus
556 2325 780 2428 adtingens,
821 2328 945 2406 altero
973 2334 1200 2418 Oceanum,
1243 2325 1365 2432 binca

357 2465 483 2551 Varo,
524 2461 637 2536 illinc
665 2487 687 2536 a
715 2463 860 2540 Rheno
895 2463 945 2541 ad
969 2469 1220 2566 Pyrenaeum
1253 2477 1364 2554 usque

356 2595 611 2699 permittitur.
655 2601 747 2673 Para
769 2595 918 2677 Nostro
938 2602 1040 2675 mari
1064 2597 1251 2700 adpofita,
1273 2590 1364 2695 (fuit

356 2730 573 2832 aliquando
609 2731 784 2822 Bracata,
827 2759 937 2810 nunc
976 2729 1283 2836 Narbonensis)
1318 2719 1363 2801 est

355 2868 480 2966 magis
509 2866 615 2942 culta
638 2881 677 2938 et
705 2869 827 2968 magis
854 2865 1016 2959 confita,
1061 2869 1238 2970 ideoque
1261 2865 1361 2939 etiam

315 3001 505 3078 claetior.
562 2999 756 3089 Urbium,
783 3027 878 3102 quas
902 3005 1039 3092 habet,
1066 2997 1360 3104 opulentiffime

352 3132 464 3224 sunt,
510 3132 623 3209 vasso
652 3138 962 3229 Vocontiorum,
1004 3140 1158 3216 Vienna
1193 3134 1359 3214 Allobro·

229 3279 241 3286 “
352 3291 470 3368 gum,
495 3269 662 3346 ‹Avenio
686 3271 904 3362 Cavarum‚
944 3243 1266 3352 Arecomicorum
1287 3267 1357 3342 ΝΘ·

351 3399 529 3491 mausus,
565 3401 709 3478 Tolosa
729 3405 1011 3508 Tectosagum,
1044 3407 1357 3485 Secundanorum

351 3532 529 3634 manto,
558 3539 819 3616 Sextanorum
842 3543 1006 3634 Arelate,
1033 3545 1356 3644 Septimanorum·

349 3693 431 3770 que
454 3669 667 3746 Baeterrae.
732 3674 809 3751 Sed
833 3675 993 3752 antestat
1021 3703 1160 3756 omnes
1191 3673 1355 3752 Atacino·

350 3829 444 3882 rum
481 3805 874 3910 Decimanorumquc
916 3814 1094 3903 colonia,
1134 3812 1244 3890 unde
1269 3806 1355 3883 olim

351 3938 416 4014 hia
439 3937 552 4013 terris
584 3942 779 4020 auxilium
811 3945 910 4036 fuit,
955 3976 1064 4026 nunc
1090 3965 1129 4024 et
1153 3966 1293 4025 nomen
1320 3946 1354 4008 et

316 4071 471 4162 sdecus
491 4069 565 4162 est,
601 4077 771 4155 Martius
797 4085 947 4162 Narbo.
1003 4091 1051 4166 In
1079 4085 1261 4164 litoribus
1291 4055 1353 4150 asi·
