2868 4930
478 351 600 412 etta·
618 355 755 434 vtttsj
1006 373 1142 421 cxcix·

80 519 169 603 tita‘e
184 514 274 589 illt'e
285 513 369 588 lunt
383 513 424 588 in
439 515 497 590 ed.
511 520 745 596 A.Gronovii
759 543 816 596 ta.
831 535 938 612 1743.
954 543 975 592 a
989 544 1025 616 p.
1037 541 1123 618 5¹9·

77 639 237 730 odeac-

152 834 272 896 Pecncs
293 829 481 896 ciacconius
497 841 622 900 totum
637 831 780 903 Melam
801 827 998 928 explicavit
1019 825 1122 906 notit

76 945 213 1020 criticis
234 963 282 1034 ¹et
311 945 546 1047 philologieis
571 946 623 1021 lat
649 947 850 1050 frugiferis,
881 951 1042 1024 maxime
1074 951 1122 1024 ad

73 1046 151 1164 cap.
171 1092 205 1160 9.
227 1066 315 1139 libri
335 1091 366 1138 1.
393 1092 480 1141 nam
500 1069 660 1167 reliquae
681 1090 785 1145 erant
799 1071 840 1144 in
857 1073 1021 1172 margine
1037 1069 1121 1144 scri·

72 1205 158 1284 ptae
179 1205 217 1260 et
234 1187 423 1277 confusae,
448 1214 541 1287 qtrae
562 1215 648 1265 cum
665 1193 706 1266 in
722 1193 837 1291 priori
855 1193 1018 1266 editione
1031 1191 1118 1267 Abr.

73 1307 258 1382 Gronovii
278 1333 309 1382 a.
328 1331 437 1400 1722.
456 1311 584 1386 minue
599 1331 761 1387 accurate
777 1313 938 1386 redditae
954 1311 1064 1387 ellent
1082 1330 1120 1386 et

69 1431 194 1528 plene,
218 1430 258 1502 in
273 1432 384 1506 altera
406 1455 438 1504 a.
459 1453 566 1526 1743.
590 1434 737 1508 meliori
754 1433 883 1508 ordine
906 1451 944 1508 et
964 1433 1119 1532 diligen·

69 1551 163 1626 riori
186 1575 274 1624 cura
298 1553 526 1650 prodierunt.
577 1561 853 1628 Commemorat
875 1552 950 1651 iple
971 1553 1119 1626 ciacco-

69 1672 157 1744 nita
179 1672 257 1744 duo
277 1671 501 1769 potillrmunr
523 1675 664 1750 codices
682 1701 703 1748 a
724 1677 759 1748 se
779 1675 825 1746 ad
839 1673 1118 1748 diiudicandum

68 1809 220 1865 textum
235 1793 433 1883 consultos,
458 1820 504 1868 ex
520 1797 653 1895 quibua
668 1796 769 1895 laepe
788 1795 979 1869 meliorem
993 1793 1117 1868 lectio·

67 1939 159 1988 nem
183 1913 305 2012 lingit,
337 1917 489 1990 tectim
517 1919 641 2007 etiam,
669 1942 751 1990 raro
777 1931 911 2004 tamen,
935 1914 1116 2012 adiungit,

69 2053 114 2110 at
135 2058 171 2126 5,
189 2041 226 2130 β.
242 2035 294 2108 in.
347 2036 516 2134 Propiori
535 2037 781 2136 adpellatione
794 2037 845 2109 ita
861 2059 926 2110 eoa
942 2033 1114 2134 deignat,

68 2175 113 2230 nt
133 2175 244 2230 notet
262 2158 400 2231 librum
413 2158 539 2234 Latini
554 2158 705 2266 Latinii,
727 2176 771 2232 ut
788 2182 819 2248 1,
834 2161 870 2246 6,
889 2182 920 2231 1.
939 2156 1114 2230 adverb·

68 2285 173 2352 tatae
186 2299 221 2351 et
236 2287 412 2369 Syphacisc
436 2280 562 2354 Fulvii
577 2277 708 2371 Utllnl,
728 2298 772 2354 ut
790 2303 824 2370 3,
845 2305 877 2370 t,
897 2304 929 2352 1.
945 2276 990 2352 ed
1002 2277 1113 2352 verba

68 2429 132 2474 aon
154 2408 237 2472 elios
256 2407 416 2493 αἱίωςιιος
446 2399 603 2498 denique
621 2400 740 2490 suum,
765 2419 809 2475 ut
822 2403 868 2476 etl
887 2425 919 2489 1,
937 2423 994 2494 19,
1012 2419 1045 2486 6·
1066 2397 1113 2470 ed

69 2523 180 2598 verba
201 2527 350 2594 conditor
367 2520 457 2621 Iaso.
493 2525 539 2594 In
561 2521 632 2618 ipsa
653 2523 850 2597 verborum
868 2522 1112 2619 explicatione

67 2645 258 2718 luculenta
288 2643 406 2714 utitur
436 2642 611 2716 brevitate
643 2661 680 2715 et
711 2669 834 2716 rerunt
863 2661 945 2740 apta
975 2640 1112 2714 intelli·

68 2765 204 2862 gcntie.
248 2764 431 2859 Equidem
456 2764 584 2860 repetii
609 2787 684 2846 ece,
715 2787 803 2862 qpca
827 2761 976 2836 exhibet
997 2759 1111 2834 editio

68 2885 310 2960 dGronovii
329 2909 359 2958 e.
381 2903 489 2978 1743.
1060 2935 1064 2944 .

143 3063 294 3144 Restant
314 3087 422 3142 notae
443 3075 555 3140 ravat
570 3078 743 3152 restante,
769 3069 846 3167 apri
862 3086 899 3142 et
920 3065 1109 3167 diligentis

2 3269 3 3280 ἶ
68 3191 295 3286 interpretis,
322 3209 358 3264 et
372 3189 513 3264 criticae
529 3207 566 3264 et
585 3191 828 3292 philologicae
841 3207 878 3264 et
899 3187 1110 3290 geographi·

2 3397 3 3400 Ἴ
68 3338 146 3402 cae,
171 3312 308 3408 quibus
321 3314 421 3384 Mela
439 3314 579 3412 egregie
594 3313 792 3388 adornetur
806 3328 843 3386 et
856 3312 1049 3385 adiuvatur
1063 3309 1109 3382 ad

2 3425 3 3436 ’
67 3457 168 3532 capp.
192 3436 250 3506 16.
270 3432 358 3505 libri
382 3456 413 3506 1.
456 3434 541 3529 quia
573 3452 694 3506 morte
725 3429 907 3528 obprellua
935 3431 1111 3506 conficere

3 3549 4 3558 ’
67 3555 151 3627 illae
169 3579 250 3626 non
272 3555 404 3650 potuit.
456 3559 571 3653 Larga
588 3552 913 3628 fuitlublidiorum
929 3555 1043 3649 copia,
1068 3551 1111 3624 in

67 3675 204 3774 quibua
220 3671 314 3764 lunt,
336 3691 477 3772 praeter
497 3693 681 3772 excerptae
698 3674 742 3746 ab
757 3675 838 3748 aliie
857 3675 1034 3749 lectiones
1049 3699 1111 3748 va·

65 3797 217 3882 riantee,
249 3793 386 3892 septem
405 3795 561 3884 codices,
590 3793 792 3892 Lipsienlia,
821 3795 931 3894 ipliue
953 3815 989 3869 et
1005 3795 1111 3892 quin·

65 3941 137 4015 que
156 3913 338 4008 Vatreni,
370 3917 504 4016 quibua
526 3915 742 3993 accederunt
762 3919 941 3992 editiones
970 3917 1111 3990 multae
1262 3997 1266 4006 ,

65 4057 222 4115 veteres.
272 4043 345 4116 Ere
358 4037 698 4130 ,obtundentur
731 4036 969 4116 ntiledltneit
999 4035 1110 4112 d’Or
