2816 4920
216 331 276 388 nn
311 327 425 390 srru
459 329 606 390 onere
641 335 730 392 mn.
759 336 799 394 n.
841 337 873 394 c.
898 337 951 398 rr.
1050 348 1093 419 69

90 499 217 579 cordia
274 498 474 578 Interfluit
493 505 698 592 Timavus,
726 528 874 580 novem
897 505 1092 606 capitibus

88 635 299 738 exsurgens,
327 665 412 716 uno
437 635 538 714 ollio
563 634 741 716 emissus:
785 637 932 715 deinde
951 637 1090 718 Natiso

86 797 157 848 non
177 773 293 874 longe
322 774 465 848 amari
495 771 619 850 ditem
654 772 824 876 adtingit
852 776 1087 874 Aquileiam.

86 909 180 984 Ultra
216 906 270 984 est
310 908 502 985 Altinum.
581 910 760 1010 Superna
802 911 879 984 late
921 918 1125 1012 occupati

84 1043 182 1120 litora
204 1043 344 1120 Padus.
403 1045 591 1144 Namque
610 1045 658 1119 ab
681 1045 772 1120 imis
797 1043 995 1122 radicibus
1010 1050 1087 1121 Ve-

81 1175 144 1254 suli
163 1181 310 1256 montis
328 1192 507 1267 exortus,
536 1181 668 1279 parvis
690 1177 730 1254 se
755 1183 931 1280 primum
954 1205 979 1256 e
993 1177 1087 1258 fon-

82 1312 170 1391 tibus
197 1315 369 1416 colligit3
405 1329 445 1389 et
468 1314 716 1414 aliquatenus
738 1317 851 1392 exilis
876 1340 919 1389 ac
941 1341 1085 1408 macer,

79 1473 156 1525 mox
174 1451 261 1528 aliis
287 1451 471 1527 amnibus
493 1448 592 1525 adeo
618 1447 788 1550 augescit
810 1465 928 1549 atque
950 1452 1083 1542 alitur,

79 1599 115 1660 ut
129 1581 164 1658 se
183 1609 257 1686 per
275 1583 426 1686 septem
445 1583 495 1659 ad
512 1581 755 1685 postremum
777 1581 871 1659 ostia
891 1581 1079 1663 effundat.

25 1737 26 1740 ’
78 1721 196 1796 Unum
229 1719 281 1796 de
324 1721 381 1796 eis
419 1743 630 1820 magnum,
680 1717 832 1794 Padum
870 1723 1079 1821 appeliant

78 1853 156 1930 Inde
176 1871 257 1932 lam
281 1857 383 1932 citus
412 1854 587 1957 profilit,
630 1870 677 1930 ut
699 1852 870 1931 discussas
893 1852 1081 1936 fluctibus

77 1987 151 2080 diu,
183 1992 340 2090 qualem
370 1988 516 2079 emisit,
546 1989 703 2066 undam
731 2007 835 2091 agat,
878 1987 1079 2090 suumque

77 2127 175 2200 etiarn
195 2129 241 2202 in
265 2127 364 2201 mari
390 2127 551 2201 alveum
574 2122 723 2216 servet,
765 2123 894 2201 donec
912 2149 1007 2216 eum
1029 2153 1079 2204 ex

76 2258 217 2338 adverso
240 2262 361 2338 litore
381 2257 513 2334 Istriae
530 2259 674 2337 eodem
694 2260 848 2360 impetu
871 2259 1078 2362 profluens

73 2391 149 2472 lller
171 2397 299 2472 amnis
322 2395 501 2495 excipiat.
567 2401 650 2472 Hac
671 2420 715 2471 re
741 2420 875 2496 perca
898 2397 984 2472 loca
1006 2421 1078 2474 na·

75 2529 296 2630 rigantibus,
330 2556 410 2630 qua
434 2531 637 2630 utrimque
665 2555 799 2607 amnes
823 2545 940 2620 eunt,
969 2533 1075 2608 inter

71 2669 217 2744 marines
242 2691 361 2766 aquas
386 2665 569 2741 dulcium
590 2663 752 2742 haustus
774 2661 841 2740 est.
902 2669 936 2741 A
962 2666 1108 2750 Pador

71 2801 107 2874 nl
135 2805 336 2878 Anconam
371 2797 556 2876 transitur
582 2803 770 2876 Ravenna
782 2779 802 2887 ,⁵
829 2800 1072 2892 Ariminum,

70 2935 276 3027 Pisaurum,
309 2933 500 3012 Fanestrie
521 2927 699 3026 colonia;
737 2929 891 3010 flumen
913 2937 1071 3014 Metau-

69 3095 119 3148 rus
136 3089 252 3174 etque
273 3068 389 3146 Aesis.
434 3071 537 3146 Exin
557 3069 626 3144 illa
645 3071 690 3144 in
710 3067 873 3170 angusto
892 3064 1069 3148 duorum

69 3206 420 3302 promontoriorum
430 3229 478 3279 ex
489 3200 646 3280 diverso
661 3206 906 3293 coeuntium,
929 3203 1068 3283 inflexi

67 3341 171 3417 cubiti
190 3341 365 3442 imagine
386 3335 543 3428 sedena,
580 3354 620 3414 et
646 3336 739 3415 ide'o
765 3361 786 3412 e
810 3340 936 3416 Graiis
961 3338 1066 3416 dicta

67 3475 206 3568 Ancon,
239 3479 346 3552 inter
362 3475 529 3552 Gallicas
550 3473 781 3572 Italicasque
802 3489 935 3573 gentes
955 3475 1064 3577 quasi

66 3615 238 3690 terminus
280 3609 451 3720 interest.
530 3614 635 3686 Haec
680 3609 790 3683 enim
828 3608 1100 3712 praegressosb

65 3745 179 3824 Piceni
210 3748 329 3824 litora
361 3747 583 3847 excipiunt:
619 3743 835 3843 inquibus
862 3747 1063 3838 Numana,

65 3880 233 3970 Potentia,
262 3882 427 3970 Cluana,
456 3879 603 3980 Cupra,
630 3877 768 3969 urbem
816 3877 968 3954 castella
993 3907 1062 3958 au·

65 4027 127 4090 lem
153 4019 354 4108 Firmum,
394 4013 541 4094 Hadria
549 4069 569 4104 ,-
600 4001 893 4092 Truentinum:
945 4013 989 4092 id
1022 4031 1063 4092 et
