2816 4920
346 369 390 436 ⁷0
627 348 888 410 roucourt
932 351 1101 409 arente

348 524 538 627 thymna,
563 518 787 622 Mytilene:
822 523 867 598 in
883 521 995 601 lora·
1010 521 1134 600 Chios
1156 537 1198 598 et
1216 523 1366 604 Samos:

348 663 395 738 iu
418 659 532 736 Caria
557 657 657 734 Cos:
696 657 742 732 in
765 657 889 757 Lycia
912 656 1079 734 Rhodos
1087 685 1099 747 ς
1128 657 1274 733 inillis
1298 656 1368 733 fin·

179 797 185 812 “
350 793 466 898 gulae
480 789 573 867 sunt
589 789 733 868 iisdem
746 791 984 870 nominibus
998 791 1137 873 urbes:
1161 794 1209 867 in
1225 789 1367 872 Rhodo

350 945 429 1004 tres
446 923 648 1025 quondam
672 939 795 1014 erant,
820 925 985 1014 Lindos,
1004 927 1197 1016 Caminos,
1217 925 1366 1027 Ialysos.

313 1079 337 1150 5
353 1068 463 1168 Quae
484 1074 620 1137 contra
631 1061 756 1150 Tauri
775 1063 1100 1161 promontorium
1120 1065 1367 1163 importunae

350 1195 631 1296 navigantibus
654 1195 847 1284 obiacent,
879 1195 1141 1274 Chelidoniae
1161 1197 1367 1274 nominan-

350 1345 428 1408 tur.
484 1333 533 1405 ln
559 1327 667 1420 stnu,
706 1330 1075 1430 quammaximum
1111 1329 1201 1408 Alia
1237 1331 1367 1430 recipit

351 1487 478 1568 prope
496 1462 646 1554 media,
675 1465 853 1566 Cypros,
886 1463 938 1541 ad
960 1480 1093 1542 ortum
1114 1463 1365 1564 occasumque

349 1598 392 1680 Ie
417 1599 654 1690 immittens,
694 1617 805 1678 recto
839 1601 938 1702 iugo
967 1600 1072 1678 inter
1095 1601 1278 1678 Ciliciam
1302 1601 1364 1697 Sy·

352 1736 534 1836 uiamque
548 1735 787 1840 porrigitur3
816 1735 969 1836 ingena,
983 1750 1030 1812 ut
1043 1759 1146 1835 quac
1159 1729 1362 1835 aliquando

353 1893 503 1950 novem
528 1895 648 1972 regna
675 1870 842 1971 ceperit,
885 1884 925 1946 et
948 1895 1058 1946 nunc
1082 1871 1239 1971 aliquot
1260 1866 1361 1944 urbct

351 2002 474 2093 ferat,
510 2027 681 2102 quarum
712 2002 934 2082 clariffimae
957 2005 1119 2082 Salamis
1145 2020 1187 2079 et
1212 2001 1360 2103 Paphos,

352 2153 412 2229 et,
444 2163 529 2239 quo
554 2139 734 2239 primum
761 2160 810 2214 ex
841 2139 943 2215 mari
970 2142 1165 2216 Venerem
1193 2131 1359 2240 egrelsan

310 2273 509 2356 60000100
543 2268 769 2372 adfirmant,
807 2272 1083 2375 Palaepaphos.
1155 2267 1359 2350 Araducin

351 2406 554 2488 Phoenica
576 2405 632 2486 cst
654 2431 796 2509 parva,
832 2419 890 2496 et,
924 2423 1119 2508 qnantum
1139 2423 1267 2510 patet,
1292 2415 1357 2482 tou

351 2539 573 2648 oppidum:
617 2539 807 2644 frequens
831 2555 977 2634 tamen,
1005 2543 1237 2644 quinetiam
1257 2539 1357 2638 supet

352 2677 481 2758 aliena
498 2691 597 2752 tecta
605 2673 744 2753 sedem
766 2700 918 2778 ponere
937 2677 1041 2754 licet
1100 2681 1226 2756 Parva
1244 2690 1283 2752 et
1298 2672 1355 2748 Ca·

286 2799 288 2807 Α
350 2837 501 2917 uapor,
523 2812 624 2912 ‚Nili
651 2807 774 2902 ostio,
809 2810 921 2913 quod
943 2813 1195 2914 Canopicum
1220 2815 1353 2896 aaut
1379 2895 1382 2920 ΛΝ

352 2945 473 3026 obvia
493 2943 560 3022 est.
618 2946 797 3024 Menelai
816 2944 1058 3048 guberuator
1082 2949 1284 3050 canopus,
1308 2934 1352 3016 ibi

350 3077 457 3161 forte
474 3078 662 3171 moriens,
688 3105 838 3158 nomen
854 3077 1018 3171 insulae,
1041 3081 1111 3158 illa
1128 3079 1230 3161 ostio
1251 3071 1349 3154 dedit

350 3216 500 3293 Pharos
525 3239 637 3290 nunc
664 3213 922 3292 Alexandriae
949 3229 1073 3318 ponte
1103 3211 1348 3313 coniungitur,

351 3349 453 3427 olim
477 3349 550 3455 (ut
563 3350 779 3427 Homerico
798 3351 972 3428 carmine
995 3349 1203 3452 proditum
1219 3343 1292 3445 eli)
1311 3337 1346 3412 ab

350 3481 503 3562 eisdem
529 3485 609 3561 oria
636 3481 755 3560 cursu
773 3483 855 3560 diei
878 3485 1003 3562 totius
1022 3483 1209 3562 abducta:
1246 3495 1296 3568 et,
1324 3467 1345 3547 fi

350 3618 408 3696 ita
439 3643 502 3696 res
537 3615 636 3709 fuit,
676 3616 809 3695 videri
835 3615 961 3721 potest
993 3608 1344 3715 camecuntibasia

350 3765 507 3830 tantum
523 3767 697 3830 mutatae
712 3749 842 3832 causas
855 3756 1002 3832 Nilum
1016 3750 1244 3857 praebuiffe,
1265 3745 1342 3826 dua

348 3885 497 3966 timum
517 3884 705 3978 subinde,
742 3903 783 3962 et
802 3891 1015 3994 praecipue
1031 3915 1125 3970 curu
1142 3881 1349 3974 extmdflld.

345 4019 461 4118 litori
477 4019 708 4114 adnectens,
734 4037 852 4126 auger
868 4039 1008 4121 terrae,
1033 4024 1275 4142 spatiumque
1286 4028 1339 4090 111·
