2816 4920
365 381 423 430 tot
645 361 900 422 POMPONII
943 363 1109 420 Mutae

365 539 473 616 tibus
495 531 728 623 vescuntur,
756 533 1039 634 Ophiophagos
1057 545 1211 608 vocant.
1254 534 1377 608 Fuere

368 674 536 750 interius
561 671 767 770 Pygmaei,
802 671 1004 743 minutum
1030 692 1173 768 genus,
1210 685 1250 742 et
1269 668 1379 766 quod

366 835 442 910 pro
479 804 569 882 satis
604 803 788 902 frugibus
828 819 964 879 contra
1000 826 1116 902 grues
1154 801 1379 878 dimicando

332 938 524 1028 odefacit.
596 942 697 1014 Sunt
727 923 853 1012 inulta
881 939 1114 1026 volucrum,
1152 938 1277 1012 multa
1306 935 1384 1010 ser·

368 1089 536 1177 pentum
573 1096 735 1172 genera:
780 1069 831 1146 de
863 1069 1108 1171 serpentibus
1136 1070 1386 1172 memorandi

368 1210 560 1294 maxime,
607 1231 706 1304 quos
742 1231 885 1306 parvos
924 1202 1141 1280 admodum
1171 1221 1210 1278 et
1239 1207 1388 1279 veneni

369 1337 600 1442 praesentis,
634 1355 741 1418 certo
767 1341 861 1414 anni
887 1356 1065 1439 tempore
1093 1363 1140 1412 ex
1166 1340 1265 1414 limo
1292 1365 1389 1415 con·

372 1490 566 1550 cretarum
582 1473 776 1576 paludum
800 1497 1018 1574 emergere,
1059 1473 1102 1547 in
1127 1497 1270 1574 magno
1299 1499 1388 1548 exa·

371 1611 481 1688 mine
509 1609 685 1684 volantes
713 1612 941 1708 Aegyptum
969 1605 1149 1697 tendere,
1191 1625 1312 1707 atque
1343 1611 1389 1681 iu

371 1740 458 1843 ipso
488 1743 656 1818 introitu
689 1739 831 1818 finium
858 1742 905 1816 ab
934 1743 1091 1830 avibus,
1131 1766 1226 1842 quas
1256 1741 1389 1816 Ibidae

375 1876 591 1976 adpellant,
634 1872 797 1950 adverso
835 1877 992 1976 agmine
1019 1879 1147 1976 excipi
1171 1897 1388 1976 pugnaque

321 2007 518 2086 roconfici
544 2008 732 2084 traditum
761 2005 825 2084 est.
889 2013 951 2084 De
981 2011 1211 2087 volucribus
1238 2011 1389 2109 praeci·

281 2213 283 2218 .
374 2168 455 2246 pue
477 2140 682 2220 reserenda
702 2143 899 2233 Phoenix,
938 2142 1090 2244 semper
1117 2147 1253 2233 unica;
1303 2169 1388 2218 non

374 2280 483 2352 enim
520 2279 630 2353 coitu
664 2279 905 2378 concipitur,
947 2295 1114 2378 partuve
1156 2251 1387 2378 generatur:

374 2410 442 2488 sed
468 2411 540 2486 ubi
563 2413 874 2512 quingentorum
903 2437 1098 2488 annorum
1123 2437 1221 2486 aevo
1247 2435 1389 2510 perpe-

373 2561 444 2620 tua
470 2544 648 2636 duravit,
686 2543 802 2646 super
824 2561 1086 2646 exaggeratam
1106 2546 1223 2620 uariis
1252 2543 1389 2620 odori·

374 2681 451 2756 bus
494 2677 638 2754 struem
680 2677 752 2753 fibi
792 2677 874 2780 ipsa
911 2679 1072 2755 incubat
1114 2677 1388 2776 solviturque:

375 2813 521 2892 deinde
543 2812 851 2915 putrescentium
880 2814 1152 2889 membrorum
1178 2813 1265 2886 tabe
1290 2839 1390 2888 con-

376 2946 567 3037 crescens,
602 2947 683 3050 ipsa
705 2946 743 3022 se
764 2949 955 3048 concipit,
990 2961 1105 3044 atque
1127 2973 1175 3021 ex
1191 2943 1230 3019 se
1251 2945 1391 3024 rursus

375 3048 607 3158 renascitur:
653 3107 744 3159 cum
773 3082 965 3170 adolevit,
1007 3077 1083 3157 olla
1117 3079 1272 3182 pristini
1300 3108 1391 3159 cor·

374 3216 483 3316 poris
525 3215 674 3291 inclusa
715 3197 878 3314 myrrha
926 3219 1152 3315 Aegyptum
1195 3227 1387 3317 exportat,

375 3365 493 3448 atque
515 3353 560 3424 in
577 3352 688 3442 urbe,
717 3376 836 3450 quam
852 3351 952 3427 Solia
974 3347 1183 3448 adpellant,
1211 3347 1388 3451 fragran-

374 3483 481 3558 tibus
506 3484 640 3560 arohio
664 3483 786 3560 bustis
810 3481 1002 3572 inferens,
1042 3485 1300 3562 memorando
1321 3486 1387 3563 fu·

374 3641 469 3692 nere
493 3614 697 3694 consecrat.
764 3617 896 3719 Ipsum
924 3621 1265 3718 promontorium,
1299 3649 1385 3721 quo

373 3749 418 3825 id
445 3774 551 3825 mare
583 3750 802 3843 clauditur,
848 3777 870 3827 a
894 3754 1099 3831 Cerauniis
1134 3753 1295 3834 saltibus
1322 3758 1388 3832 iu·

373 3886 489 3966 vium
512 3882 575 3961 est.
