2868 4930
322 389 475 440 cxxxvi
572 373 637 434 DE
675 371 944 435 roueortto
989 373 1123 436 tim

596 565 656 638 99.
707 545 891 618 Etonae
919 561 1028 634 1775.
1062 559 1119 638 4.·

400 705 665 780 Reinoldianaa
685 707 854 804 repetitio
874 725 911 780 ct
930 725 1076 781 tautum
1092 733 1169 782 nou
1188 706 1228 782 in
1244 707 1355 782 omni·

325 826 395 899 bus
409 827 638 902 consentiens
653 855 740 902 cum
755 827 1010 926 superioribus,
1028 829 1249 920 etiamineo,
1263 829 1356 927 quod

327 954 431 1019 altera
445 967 613 1040 vocatur,
641 951 741 1048 quod
758 948 859 1024 torlit
874 950 1069 1048 Kappiurn.
1103 951 1203 1024 Mihi
1216 951 1356 1049 quidem

326 1068 366 1140 id
384 1071 529 1144 videtur
546 1097 565 1144 a
579 1072 730 1145 librario
744 1070 963 1169 profectum,
988 1073 1053 1171 qui
1071 1069 1167 1146 forte
1182 1081 1282 1144 altera
1297 1072 1356 1145 suo

328 1189 429 1264 sensu
451 1218 519 1289 pro
541 1216 637 1267 nova
663 1195 824 1267 editione
845 1193 971 1266 haberi
993 1211 1029 1266 et
1048 1193 1212 1294 intelllgi
1233 1193 1356 1268 voluit.

329 1317 457 1410 Neque
478 1332 599 1391 tamen
622 1311 830 1412 simpliciter
847 1315 1040 1413 repetitam
1061 1313 1129 1391 elie
1148 1315 1359 1416 superiorem

330 1433 541 1528 editionem,
559 1437 619 1510 sed
631 1437 737 1511 factis
746 1435 872 1535 pallim
885 1438 1154 1513 mutationibus
1166 1438 1285 1512 denuo
1298 1438 1360 1510 im·

328 1555 497 1652 prelium,
530 1559 604 1658 ipse
626 1586 673 1634 ex
703 1559 786 1647 usu,
821 1583 932 1656 quem
957 1560 1135 1633 benevole
1159 1557 1359 1633 conoeilerat

330 1683 479 1774 Heyne,
507 1681 678 1782 cognovi.
714 1689 802 1754 Non
819 1680 919 1754 enim
940 1680 1093 1780 paginae
1108 1680 1229 1755 solum
1240 1682 1360 1754 diacre·

330 1821 438 1895 pant,
479 1803 539 1876 sed
568 1821 605 1876 et
636 1805 676 1876 in
711 1803 934 1900 quibusdam
967 1805 1060 1878 locis
1091 1819 1216 1876 textus
1246 1800 1358 1877 verba.

331 1923 438 2018 Quod
460 1919 569 2018 p'orro
592 1925 831 2014 Reinoldiua,
863 1949 941 1998 uun
962 1924 1195 2018 Reyuoldius
1209 1925 1250 1996 in
1271 1947 1361 2021 praa·

331 2041 471 2116 satione
498 2046 545 2118 ad
565 2048 619 2117 ed.
648 2069 681 2118 s.
711 2046 940 2118 scribendum
962 2043 1028 2118 elle
1048 2064 1178 2120 monet
1197 2045 1359 2144 Kappiua,

331 2165 427 2238 illud
450 2167 600 2262 quidem
621 2167 662 2241 in
681 2169 799 2240 tribus
820 2167 1062 2259 editionibus,
1094 2193 1253 2265 quarum
1269 2189 1361 2238 aceu-

331 2287 444 2360 ratior
457 2288 540 2360 data
555 2286 603 2362 est
615 2290 766 2378 notitia,
792 2290 918 2360 locum
938 2290 1064 2379 habet,
1089 2286 1153 2362 etii
1170 2315 1234 2385 per
1249 2315 1274 2382 7
1288 2281 1362 2358 effe·

333 2427 422 2501 runt
450 2411 609 2485 Wardua
641 2410 681 2483 in
710 2408 937 2508 praefatione
969 2410 1015 2482 ad
1046 2421 1088 2484 Α.
1112 2408 1292 2483 Gronovii
1311 2405 1360 2479 au

333 2555 364 2604 a.
392 2549 500 2624 1743.
538 2534 749 2606 Gronovius
781 2531 856 2630 ipse
886 2551 923 2604 et
952 2531 1081 2606 Sarius
1114 2532 1155 2604 in
1189 2523 1359 2605 Onomast.

331 2655 493 2727 literario
513 2659 552 2727 P.
571 2678 602 2726 1.
626 2679 705 2753 pag.
722 2672 806 2746 243.
857 2655 915 2728 Sic
934 2655 1045 2728 etiam
1065 2680 1130 2750 per
1151 2680 1179 2749 y
1202 2654 1243 2726 in
1264 2650 1361 2726 libris

332 2776 486 2874 Anglioa
523 2776 675 2873 quidem
707 2779 835 2875 lingua
871 2775 981 2849 editis
1014 2775 1107 2874 legi,
1150 2775 1279 2850 docuit
1310 2795 1363 2846 ma

332 2905 475 2994 Heyue.

444 3189 527 3241 roo.
578 3165 743 3239 Curiae
767 3163 1079 3265 Regnitiauae
1105 3183 1214 3256 1731.
1241 3181 1275 3252 a.

409 3349 615 3445 Kappianae
631 3349 803 3424 editionis
824 3345 873 3422 est
888 3349 1075 3447 repetitio,
1105 3347 1146 3421 in
1165 3373 1238 3446 qua
1252 3356 1364 3419 tamen

337 3485 464 3541 auctor
481 3471 658 3566 providit,
683 3490 727 3544 ut
743 3472 947 3569 augmentis
962 3471 1185 3567 locupletata
1202 3466 1364 3567 prodiret

336 3589 564 3664 accesserunt
587 3593 688 3666 enirn
717 3611 858 3691 praeter
886 3592 957 3664 alia
982 3608 1106 3664 textus
1125 3615 1245 3666 novae
1270 3609 1366 3686 quat·

338 3711 424 3783 darn
446 3713 620 3787 lectiones
640 3739 661 3786 a
678 3713 877 3787 Reinoldio
900 3711 1061 3786 maxime
1081 3729 1260 3808 receptae,
1293 3724 1366 3779 tum

336 3852 446 3907 notae
475 3836 593 3908 textui
624 3834 802 3908 subnexae
828 3838 956 3911 breves
985 3833 1137 3932 quidem
1164 3851 1202 3906 et
1221 3847 1365 3906 numero

336 3981 482 4057 paucae,
508 3957 634 4030 doctae
647 3975 770 4029 tamen
785 3976 822 4030 et
838 3976 972 4031 acutae.
1004 3955 1128 4029 cievit
1141 3951 1251 4027 fflam
1264 3949 1367 4024 index
1399 4039 1404 4048 ¹

337 4079 642 4180 explicationibus
661 4079 910 4180 geographicis
933 4095 972 4154 et
990 4076 1245 4178 philologieis,
1275 4065 1367 4148 addi
