2816 4920
330 383 389 444 106
604 383 861 444 roucourt
905 385 1069 444 natta

325 579 524 658 papyrum
552 571 592 630 et
616 555 770 630 minora
796 556 969 654 quidem,
1005 554 1181 654 eiuadem
1203 571 1318 632 tamen

325 692 479 792 generis
501 690 692 765 animalia.
750 691 847 765 Aliis
869 691 1049 768 amnibus
1071 694 1115 766 in
1137 697 1319 768 Oceanum

324 827 595 926 vergentibus,
630 822 736 904 solur
751 825 794 898 iu
810 825 983 900 mediam
1002 828 1203 926 regionem
1224 822 1320 898 etad

325 965 519 1047 orientem
536 959 635 1034 abit:
665 975 714 1046 et,
730 984 905 1057 quonam
919 977 1038 1049 exeat,
1058 963 1250 1035 incertum
1265 955 1319 1032 et.

323 1094 421 1170 Inde
444 1095 656 1190 colligitur,
692 1095 834 1167 Niluna
856 1093 934 1170 hoc
951 1091 1062 1170 fonte
1086 1111 1320 1194 conceptum,

324 1245 533 1328 actumque
551 1225 797 1324 aliquamdiu
823 1253 892 1328 per
908 1229 1029 1318 invia,
1058 1247 1097 1304 et
1113 1228 1204 1304 ideo
1220 1229 1321 1326 igno·

323 1379 422 1452 tum,
450 1365 595 1436 iterum
613 1357 664 1448 se,
697 1363 766 1436 ubi
788 1361 836 1435 ad
854 1366 935 1437 an
957 1361 1079 1463 poffit,
1108 1359 1319 1439 ostendere:

322 1513 496 1572 ceterum
513 1493 649 1596 spatio,
679 1521 760 1593 quo
779 1493 1042 1586 absconditur,
1068 1495 1181 1584 effici,
1203 1507 1248 1567 ut
1263 1491 1319 1563 hic

320 1635 399 1708 alio
430 1633 585 1720 cedere,
621 1632 689 1705 ille
719 1631 880 1705 aliunde
908 1631 1093 1708 videatur
1118 1627 1318 1726 exsurgere.

279 1782 301 1854 9
320 1767 567 1853 Catoblebas,
594 1791 677 1841 non
702 1767 858 1864 grandis
880 1763 981 1855 fera,
1019 1789 1163 1842 verum
1186 1757 1317 1860 grande

318 1918 357 1976 et
384 1925 591 2000 praegrave
614 1916 730 1999 caput
751 1925 863 1998 aegre
886 1898 1098 1990 lustinens,
1136 1914 1250 1995 atque
1272 1890 1316 1966 ob
1382 1997 1386 2004 Ι

315 2034 360 2108 id
388 2040 596 2110 interram
626 2035 848 2133 plurimum
875 2057 943 2108 ore
974 2031 1178 2122 conversa,
1222 2022 1318 2127 apud

314 2168 389 2243 hos
413 2169 609 2268 gignitur:
641 2170 693 2244 ob
716 2170 799 2241 vim
821 2139 1058 2267 singularem·
1071 2171 1195 2268 magis
1210 2164 1315 2238 etiam

313 2299 530 2390 referenda,
560 2301 682 2400 quod,
711 2327 802 2375 curn
820 2303 973 2400 impetu
991 2300 1207 2399 morsuque
1224 2293 1317 2371 nibil

313 2461 491 2534 unquam
515 2432 675 2524 saeviat,
712 2436 849 2511 oculos
878 2437 963 2510 eius
988 2425 1315 2532 vidiffemortife·

313 2540 422 2646 rum.¹
472 2571 618 2645 Contra
641 2568 799 2644 eosdem
824 2567 914 2644 sunt
938 2559 1088 2643 insulae
1118 2563 1312 2666 Gorgades,

186 2803 190 2808 Δ
313 2705 457 2780 domus
474 2707 537 2798 (ut
559 2705 687 2802 aiunt)
710 2701 922 2801 aliquando
941 2706 1186 2802 Gorgonum.
1219 2695 1313 2797 Ipsae

312 2855 437 2912 terrae
455 2839 752 2937 promontorio,
779 2838 844 2912 cui
867 2841 1023 2936 Ἑσπέρου
1049 2843 1154 2938 Κέρας
1177 2850 1333 2946 nomen(

313 2973 386 3064 est,
416 2971 624 3056 finiuntur.

684 3289 847 3365 CAP.
905 3291 950 3365 X.

309 3455 548 3534 Atlanticum
578 3456 697 3528 Mare
732 3471 769 3529 et
804 3453 890 3528 haic
925 3448 1051 3562 adsita
1085 3448 1308 3550 Aethiopiae

571 3615 618 3662 ac
647 3592 920 3665 Mauretaniae
946 3614 1052 3685 pars.

172 3783 175 3790 ’
271 3811 289 3860 1
389 3785 486 3862 Inde
502 3787 643 3885 incipit
656 3785 766 3863 frons
788 3788 867 3876 illa,
894 3789 1054 3887 quaein
1072 3787 1306 3866 occidentem

307 3947 473 4024 vergens
495 3923 592 3995 mari
616 3922 810 3996 Atlantico
836 3924 1021 3998 abluitur.
1077 3927 1205 3998 Prinna
1228 3913 1305 3988 eius

307 4059 520 4158 Aethiopes
541 4052 692 4144 tenent,
720 4053 849 4129 media
873 4058 996 4148 nulli;
1035 4083 1126 4134 nam
1156 4069 1222 4132 aut
1247 4066 1304 4120 ex·
