2816 4920
169 386 234 445 DE
266 383 380 445 stru
415 384 560 444 onata
596 385 687 446 ΗΒ.
716 387 772 445 111.
816 387 955 450 c.v111.
1039 405 1083 470 99

67 555 113 633 ad
130 558 328 660 principia
346 556 480 634 Rubri
496 557 616 632 maris
638 557 819 657 pertinet
865 555 949 659 Ipsa
971 559 1084 636 invia

67 708 178 794 atque
199 690 371 783 deserta3
405 690 556 768 humus
576 693 701 767 cineri
723 693 848 794 magis
869 689 932 784 fit,
962 719 1084 795 quam

64 827 219 930 pulveri
235 825 392 917 fimum
430 824 605 925 ideoque
629 851 702 929 per
723 851 811 906 eam
828 853 913 904 rara
937 845 977 904 et
999 855 1083 906 uon

14 1039 16 1042 ,
63 962 220 1064 grandia
253 959 424 1038 flumina
453 977 654 1051 emanant,
690 985 871 1062 quorum
901 963 1083 1042 Tubero·

64 1122 149 1175 uem
165 1115 208 1176 et
226 1095 426 1180 Andaceu
440 1095 633 1176 uotiffima
653 1097 887 1200 accepimus.

398 1417 735 1497 cnu'vtlt

100 1585 222 1662 Mare
255 1579 456 1674 Rubrum,
497 1609 547 1660 ac
581 1599 743 1684 uterque
777 1579 891 1663 huius
923 1585 1037 1664 Sinus

208 1696 213 1714 ’
327 1713 504 1830 Perszcus
535 1734 573 1796 et
604 1715 812 1796 Arabicus.

4 1895 6 1910 ¹
92 1949 97 1959 ·
138 1917 329 1997 Rubrum
347 1943 456 1994 mare
472 1885 631 2007 Graeci,
659 1917 739 1995 five
756 1918 953 2020 quincius
970 1921 1118 2004 colo-a

4 2065 8 2074 '
60 2054 109 2130 rie
132 2053 206 2146 est,
246 2050 326 2129 five
346 2052 441 2153 quia
460 2053 520 2128 ibi
541 2053 731 2155 Erythras
754 2059 954 2156 regnavit,
988 2065 1080 2158 ’Epu-

61 2189 139 2284 tplv
171 2161 350 2264 sullanum
383 2186 603 2288 adpellant:
652 2188 936 2291 procellosum,
972 2191 1080 2294 aspe-

60 2347 145 2399 rum
162 2347 291 2412 mare,
319 2321 590 2423 profundum,
618 2339 658 2400 et
675 2349 914 2427 magnorum
931 2330 1080 2404 anima·

60 2457 155 2533 lium
177 2457 323 2558 magis,
351 2481 472 2558 quam
496 2473 643 2548 cetera,
674 2484 804 2560 capax.
860 2463 996 2539 Primo
1016 2487 1080 2538 re·

62 2593 238 2669 cedentes
262 2616 350 2668 oras
373 2593 633 2692 aequabiliter
651 2594 842 2695 impellit;
872 2611 912 2670 et
929 2609 1079 2673 utnon
1109 2685 1113 2692 ¹

61 2725 175 2804 intret
205 2727 397 2816 interius,
439 2727 689 2828 aliquantum
719 2743 856 2828 patens
886 2726 990 2806 linus
1017 2755 1080 2806 ar·
1213 2715 1220 2731 ’

62 2878 154 2936 enat.
215 2860 294 2937 Sed
310 2885 408 2961 quas
428 2864 533 2963 ripas
550 2859 774 2953 inflexerat,
803 2864 864 2940 bis
878 2865 1080 2967 irrumpit,

63 2993 237 3097 duosque
257 2997 405 3074 iterum
427 2994 533 3074 finus
567 3001 702 3099 aperit
767 2995 940 3076 Perficua
960 3024 1112 3080 voca-n

62 3143 122 3206 tur
142 3129 261 3207 dictis
285 3131 518 3232 regionibus
538 3135 723 3234 propior3
761 3131 952 3210 Arabicus
973 3136 1079 3212 ulte·

61 3265 147 3342 rior.
203 3262 397 3356 Perficue,
436 3292 514 3367 qua
541 3293 648 3342 mare
676 3271 837 3370 accipit,
871 3271 1078 3372 utrimque

62 3401 169 3476 rectis
194 3400 384 3476 lateribus
407 3401 556 3501 grande
577 3401 743 3496 ostium,
780 3401 890 3503 quali
910 3409 1077 3498 cervice,

63 3536 355 3639 complectitur:
404 3534 499 3612 dein
522 3538 636 3614 terris
664 3537 709 3612 in
734 3561 897 3615 omnem
924 3555 1077 3644 partem

63 3669 159 3747 vane
189 3685 231 3747 et
258 3693 382 3768 aequa
412 3671 600 3770 portione
633 3670 886 3764 cedentibus,
929 3697 1076 3776 magno

61 3802 221 3883 litorum
250 3803 347 3880 orbe
375 3805 538 3914 pelagus
568 3806 795 3908 inungens,
834 3806 968 3885 reddit
993 3804 1078 3884 for·

61 3963 159 4017 mam
183 3939 321 4040 capitis
346 3938 525 4016 humaui.
584 3942 742 4018 Arabici
762 3959 802 4021 et
825 3965 870 4021 oe
891 3945 1014 4021 artius
1035 3957 1111 4034 etz

62 4070 225 4156 latitudo
245 4073 380 4154 minor
401 4071 476 4168 est,
510 4074 639 4156 maior
662 4078 866 4181 aliquanto
895 4073 1075 4169 receffm,
