2816 4920
201 405 267 468 ua
296 401 412 467 erro
449 407 596 468 orme
624 409 719 470 m
748 412 790 468 n
834 411 929 470 cn.
1033 417 1079 494 ς,
1219 453 1224 464 ,

57 583 159 659 Sunt
175 576 378 658 Protelilai
397 575 486 671 olla,
503 575 722 658 consecrata
738 579 920 661 delubro.
957 579 1024 660 Est
1037 597 1079 660 et

57 730 199 819 portua
222 715 386 805 Coelos,
426 711 730 794 Athenienlibue
754 733 793 792 et
816 713 1079 798 Lacedaemo-

56 851 137 928 niie
154 849 288 926 navali
301 851 384 926 acie
399 848 713 942 decernentibus,
728 852 946 934 Laconicae
961 851 1078 933 claffie

59 981 231 1086 lignatus
264 983 431 1063 excidio.
488 983 555 1062 Est
575 987 714 1088 Cynoe
738 983 865 1078 lema,
897 989 1080 1068 tumulus

58 1119 265 1210 Hecubae,
300 1117 382 1198 live
404 1145 453 1195 ex
473 1115 597 1222 figora
619 1123 745 1214 cauis,
773 1121 818 1198 in
841 1149 962 1225 quem
983 1147 1080 1201 con·
1219 1175 1228 1184 -

56 1251 168 1331 veria
183 1253 373 1345 traditur,
403 1252 485 1331 live
501 1253 744 1348 exsertum,
770 1257 816 1334 in
833 1282 954 1357 quam
971 1257 1079 1336 deci·

55 1387 187 1479 derat,
216 1388 364 1466 humili
379 1392 543 1467 nomine
560 1405 730 1492 accepto.
787 1390 853 1468 Est
866 1391 1077 1495 Madytos:

54 1521 112 1599 est
125 1525 260 1614 Eleus,
287 1548 388 1623 quae
404 1520 494 1600 linit
513 1525 830 1628 Hellespontum.
877 1531 1115 1630 Aegaeuma

1 1735 2 1738 ,
54 1655 186 1736 llatim
220 1660 383 1761 pelagus
419 1657 525 1735 vaste
560 1661 729 1762 longum
764 1661 862 1738 litua
895 1665 1080 1764 impellit,

1 1827 2 1830 ¹
54 1793 338 1896 submotasque
370 1809 492 1872 terrae
525 1795 622 1872 hinc
658 1794 708 1873 ed
742 1799 1079 1898 promontorium,

55 1929 171 2032 qnotl
190 1921 361 2008 Sunium
377 1943 564 2020 vocatur,
599 1955 745 2033 magno
768 1931 923 2010 ambitu
945 1933 1081 2012 molli·

56 2089 139 2166 qne
155 2066 396 2166 circumagit
432 2063 530 2144 Eine
546 2080 715 2142 tractum
730 2066 952 2170 legentibus
967 2093 1081 2173 prae·

55 2202 261 2302 rectisque
284 2197 521 2290 Matutam,
550 2198 656 2282 linus
678 2201 887 2282 intrandae
909 2201 976 2297 est,
1005 2207 1080 2308 qui

56 2337 229 2428 alterum
251 2331 483 2413 Chersonefi
503 2335 608 2414 latus
631 2333 817 2429 adluens,
857 2340 956 2442 iugo
978 2337 1080 2417 fecie

1 2508 3 2530 r
55 2473 175 2550 vallis
193 2463 437 2561 includitur,
469 2484 510 2546 et
533 2495 582 2546 ex
594 2466 748 2562 fluvio,
782 2498 905 2574 quem
926 2477 1083 2576 accipit,

1 2595 2 2618 ³
55 2609 186 2684 Melae
210 2603 351 2696 dictus,
380 2604 479 2684 dnae
496 2605 616 2684 urbes
638 2605 902 2708 amplectitur,
932 2609 1080 2711 Alope·

58 2737 298 2830 connelnm,
338 2755 379 2816 et
412 2741 456 2817 in
493 2741 618 2818 altero
650 2737 789 2817 isthmi
821 2741 941 2821 litore
969 2740 1080 2820 litam

1 2899 2 2904 ‘
57 2875 267 2956 Cardiam:
293 2875 436 2950 eximia
455 2871 510 2950 est
525 2877 669 2964 Aenoe,
697 2873 745 2952 ab
758 2877 890 2954 Aenea
905 2873 1080 2978 profugo

1 3081 2 3090 ,
58 3009 241 3090 condita:
282 3009 383 3085 circa
407 3009 587 3087 Hebrum
610 3011 802 3089 Ciconee:
844 3026 950 3089 trane
979 3037 1082 3090 eun·

1 3181 2 3208 ÷
60 3145 152 3224 dem
174 3141 380 3236 Doriscos,
414 3144 487 3223 ubi
510 3147 666 3222 Xerxen
693 3146 826 3249 copiae
848 3143 954 3239 luae,
982 3147 1081 3248 quin

1 3299 2 3302 ‘
58 3305 230 3360 numero
253 3303 338 3356 non
358 3292 531 3381 poterat,
564 3275 690 3382 spatio
715 3279 900 3361 menium
920 3279 1077 3365 ferunt:

1 3419 2 3424 ‘
58 3413 208 3527 deinde
225 3417 551 3516 promontorium
565 3415 791 3508 sentium,
820 3432 877 3509 et,
908 3441 992 3517 quo
1017 3443 1102 3504 car

57 3568 222 3632 nentem
250 3549 408 3653 Orphea
445 3547 575 3628 secute
609 3567 821 3630 nouantur
855 3553 974 3629 etiam
1009 3577 1081 3630 ne·

1 3683 2 3706 ¹
56 3713 189 3776 mora,
217 3689 350 3764 Zone=
385 3701 474 3765 turn
497 3684 699 3763 Schoenon
722 3681 893 3778 fluvius,
921 3703 961 3764 et
981 3689 1080 3790 ripie

55 3823 145 3900 ciue
173 3819 352 3898 educens
376 3821 571 3900 Maronia.
629 3821 758 3923 Regio
785 3819 956 3900 ulterior
977 3823 1114 3912 Dio-9

55 3957 205 4037 meden
239 3957 350 4047 tulit,
401 3955 644 4034 immanibus
680 3957 796 4056 equis
831 3953 1079 4033 mandendoe

57 4091 224 4173 inlitum
246 4091 443 4170 obiectare
468 4089 656 4185 advenae,
690 4105 731 4168 et
749 4087 894 4181 iisdem
909 4087 959 4168 eb
977 4091 1078 4164 Her·
1212 4141 1214 4146 -
