2868 4930
209 402 274 462 DE
308 395 598 462 susionis
632 403 723 463 ΠΒ.
750 405 775 462 Ι.
816 405 851 464 c.
874 405 929 466 tx.
1048 425 1089 490 ¹9

62 573 234 677 effingat.
286 577 376 651 Hoc
396 597 446 650 eo
463 569 717 650 manifestum
737 571 813 665 est,
849 573 980 676 quod,
1013 578 1089 656 nbi

61 711 215 790 sedavit
243 707 417 800 diluvia,
453 733 496 784 ac
519 704 559 782 se
582 706 655 783 fibi
680 707 874 800 reddidit,
911 734 994 813 per·
1011 711 1088 790 hu·

61 863 215 928 menter
253 867 415 946 campos
458 841 653 941 quaedam
689 843 876 923 nondum
917 843 1089 948 perfecta

63 982 267 1071 animalia,
307 977 376 1056 sed
399 994 498 1054 tuuc
521 977 699 1078 primum
721 981 952 1082 accipientia
975 978 1089 1082 spiri·

61 1135 167 1207 tum,
197 1131 240 1192 et
260 1139 309 1190 ex
329 1129 438 1216 parte
453 1113 536 1190 iam
553 1111 733 1204 formata,
762 1140 811 1191 ex
826 1131 937 1219 porte
956 1115 1089 1193 adhuc

63 1271 239 1341 terrena,
268 1247 463 1326 visuntur.
523 1246 671 1327 Crescit
694 1274 838 1350 porro,
870 1251 951 1330 five
975 1250 1125 1352 quod4

60 1389 213 1468 solutae
236 1385 390 1486 magnis
413 1381 583 1460 aestibus
610 1384 743 1476 niver,
779 1411 829 1461 er
845 1387 1089 1465 immanibus

59 1525 300 1626 Aethiopiae
326 1520 452 1622 iugis,
490 1519 650 1619 largius,
681 1543 803 1620 quam
831 1523 930 1624 ripis
962 1523 1090 1624 accipi

59 1673 231 1764 queant,
267 1651 469 1734 defluunt:
510 1649 591 1729 five
611 1652 723 1754 qnod
743 1639 802 1730 sol
825 1655 958 1733 hiemo
974 1659 1089 1734 terrie

58 1797 251 1898 propior,
278 1805 318 1865 et
339 1789 392 1867 ob
412 1787 457 1864 id
476 1785 631 1864 fontem
653 1790 740 1866 eius
757 1791 964 1882 minuens,
992 1806 1088 1868 tuuc

60 1932 182 2006 altius
205 1927 304 2014 abit,
339 1922 509 2024 finitque
531 1924 756 2025 integrum,
792 1941 833 2000 et
856 1941 904 2004 ut
925 1925 980 2002 est
1004 1927 1089 2028 ple·

59 2062 255 2150 niffimus,
283 2057 461 2160 surgere:
500 2055 581 2136 sive
607 2058 720 2158 quod
742 2086 817 2162 per
839 2087 886 2138 eu
907 2079 1097 2166 tempora⁴

63 2197 200 2274 flentes
212 2191 372 2284 Etestae‚
401 2209 469 2270 aut
484 2209 584 2272 actas
605 2219 626 2268 a
645 2192 923 2296 septemtrione
943 2198 988 2274 in
1004 2223 1090 2274 mo·

64 2333 209 2410 ridiem
229 2331 356 2409 nobee
377 2327 496 2432 super
514 2331 710 2430 principio
726 2331 813 2410 eius
829 2332 958 2408 imbre
977 2357 1088 2434 prae·

1 2475 2 2484 ‘
65 2469 252 2570 cipitaut3
298 2481 367 2544 aut
394 2465 576 2542 venienti
608 2465 722 2542 obvii
751 2464 916 2543 adverso
944 2463 1088 2568 spiritu

2 2587 3 2598 ¹
66 2600 226 2678 curium
254 2598 526 2678 descendentis
562 2599 810 2701 impediunt,
848 2617 918 2680 aut
947 2605 1088 2692 arenit,

66 2763 160 2840 quar
185 2760 280 2812 cum
298 2733 489 2813 fluctibns
515 2735 626 2810 litori
649 2732 870 2837 adplicant,
899 2733 996 2812 ostia
1018 2736 1090 2814 ob·

66 2872 242 2951 ducunt:
289 2867 415 2973 fitque
452 2871 598 2960 maior,
643 2871 711 2945 vel
749 2869 862 2969 quod
899 2871 1004 2946 nihil
1040 2895 1090 2946 ex

3 2997 5 3006 ’
65 3005 360 3098 semetamittit3
389 3006 457 3082 vel
473 3003 585 3106 quod
594 3005 698 3106 plus,
717 3029 839 3104 qnam
854 3004 965 3096 solet,
988 3007 1090 3084 acci·

64 3145 121 3248 pit
128 3171 141 3234 ;
191 3141 260 3220 vel
281 3140 394 3243 quod
416 3141 570 3230 urinas,
605 3163 726 3241 quam
751 3139 888 3231 debet,
930 3143 1087 3220 emittit.

4 3315 5 3334 ι
64 3275 187 3386 Quod
209 3274 239 3351 fi
260 3273 315 3351 est
340 3277 438 3353 alter
456 3275 595 3365 Orbis,
631 3271 803 3375 suntque
827 3273 997 3376 obposrti
1015 3303 1088 3354 no·
1206 3333 1215 3346 .

63 3413 122 3492 bis
142 3438 167 3487 a
187 3409 358 3488 meridie
381 3410 702 3500 Antichthoues3·
725 3435 777 3486 ne
799 3408 905 3486 illud
923 3409 1089 3511 quidem

64 3573 205 3626 atvero
229 3547 404 3623 nimium
428 3542 663 3632 abscesserit,
704 3543 749 3618 in
768 3545 850 3620 illis
881 3548 994 3624 terrie
1025 3573 1091 3626 or·

64 3698 150 3760 tum
167 3704 339 3772 amnem,
358 3679 432 3758 ubi
444 3678 579 3758 subter
597 3679 723 3754 maria
746 3703 861 3756 caeco
882 3680 997 3756 alveo
1020 3707 1089 3783 pe·

62 3817 293 3905 netraverit,
320 3816 365 3892 in
383 3812 541 3892 Nostris
560 3811 698 3892 rursus
713 3837 927 3915 emergere,
956 3832 997 3891 et
1015 3817 1088 3892 hac

63 3979 103 4030 re
130 3949 303 4030 solstitio
332 3947 567 4044 accrescere,
606 3946 720 4050 qnod
746 3963 854 4026 tunc.
871 3947 1000 4025 hiems
1029 3945 1088 4038 stt,

7 4185 8 4202 ,
63 4087 174 4172 tande
199 4085 340 4206 oritur.
396 4086 486 4166 alia
508 4084 741 4190 quoquein
763 4083 828 4162 hit
849 4084 963 4166 terris
986 4085 1123 4188 mirac,
