2868 4930
329 435 486 488 mxlv
588 417 653 479 DE
692 416 968 480 rottromo
1005 420 1137 480 mail

216 681 217 690 ἵ
331 587 430 664 illud
451 584 608 687 spatium
627 585 673 660 ab
695 611 739 668 eo
760 583 879 662 editoe
899 585 1057 681 profert,
1090 584 1312 664 Maittairiua
1329 585 1368 660 in

333 711 453 784 annal.
475 725 620 807 typogr.
642 713 686 781 T.
707 731 739 778 ι.
759 729 795 802 p.
815 727 899 794 303.
932 707 998 802 qui
1018 705 1130 780 etiarn
1152 708 1241 779 anni
1265 725 1366 802 1495.

332 832 599 905 documentum
627 805 840 924 exquirit,
878 825 938 898 led
964 845 1001 900 et
1028 828 1199 902 Goetziua
1214 853 1244 900 c.
1263 831 1287 900 l.
1311 854 1366 902 an.

336 971 446 1046 rapu.
477 969 552 1046 quo
572 946 796 1021 Priscianum
819 945 954 1028 edidit.
990 948 1154 1046 itemque
1176 957 1312 1024 Panzer
1329 951 1368 1024 in

332 1073 465 1148 annal.
481 1090 627 1168 typogr.
644 1069 727 1142 Vol.
749 1091 780 1139 1·
799 1092 834 1164 p·
854 1086 941 1159 485.
991 1069 1091 1141 Circa
1111 1091 1368 1172 anniun1519.

331 1193 513 1270 Decedam
535 1187 813 1287 commigravit,
842 1189 909 1262 ubi
928 1193 1179 1288 typographus
1193 1191 1308 1265 factm
1323 1187 1369 1264 est

333 1311 500 1410 Georgii,
526 1309 704 1382 saxoniae
723 1303 855 1399 Ducis,
879 1309 925 1382 de
940 1335 1015 1407 quo
1029 1310 1075 1383 cf.
1091 1299 1242 1386 Gelsner
1258 1313 1367 1385 Buch-

333 1429 634 1510 dulciret-Kanst
654 1435 812 1525 (1740.)
839 1455 920 1528 pag.
938 1453 997 1522 7⁰·
1018 1451 1057 1506 et
1077 1458 1139 1528 9¹·
1163 1452 1202 1508 et
1219 1431 1368 1506 Mulieri

330 1555 560 1642 incunabula,
576 1551 837 1652 typographiae
857 1553 954 1650 Lipt
966 1579 1012 1652 ·p.
1030 1575 1087 1626 ιι.
1137 1554 1274 1628 Infine
1293 1555 1368 1627 sub

223 1673 226 1678 ’
329 1677 462 1752 iicitur-
481 1675 542 1748 hic
575 1673 702 1746 mellei
728 1673 870 1772 insigne
899 1673 1032 1747 additia
1065 1674 1181 1750 literis
1198 1683 1240 1748 B.
1259 1679 1312 1750 M.
1333 1679 1365 1748 S.

330 1806 445 1873 Porro
467 1796 508 1868 in
529 1796 597 1868 hac
617 1795 780 1868 editione
800 1793 916 1868 averia
940 1795 1071 1894 pagina
1091 1797 1209 1894 prima
1230 1815 1267 1870 et
1286 1797 1367 1869 dua·

330 1919 401 1994 bna
420 1916 496 1991 fere
523 1916 704 2012 proximis
731 1916 868 2014 legitur
886 1917 1097 2012 Tranquilli
1125 1920 1165 2008 ¹¹)
1189 1917 1366 1990 Parthenii

330 2062 477 2113 carmen
502 2035 793 2131 Asclepiadem,
825 2035 959 2132 inquo
987 2035 1168 2109 himmem
1191 2037 1279 2110 libri
1302 2039 1366 2110 ele·

242 2205 247 2213 *
329 2159 494 2260 gantiam
511 2157 710 2258 praedicat,
732 2156 821 2230 licet
834 2154 1003 2252 adsperlie
1017 2153 1142 2254 pnffim
1161 2159 1264 2233 vitiis
1287 2181 1365 2257 pro·

328 2279 471 2354 iudicia.
523 2284 578 2349 lta
593 2300 682 2351 vero
704 2295 846 2374 praeter
868 2275 939 2350 alia
956 2277 1003 2350 de
1018 2279 1137 2352 Mela:
1171 2293 1258 2349 Auro
1279 2288 1365 2348 Pour-

330 2408 444 2492 pom'us
461 2405 622 2490 pulchrior
635 2403 761 2476 Indico,
781 2405 898 2468 Hortis
914 2407 1108 2488 Pomponius
1127 2407 1216 2484 Melo
1236 2405 1362 2479 beatior,

329 2527 391 2594 &t
409 2527 461 2590 vit
475 2516 697 2619 Hesperidum,
721 2515 781 2618 seu
797 2546 882 2588 irrora
895 2546 974 2609 quos
995 2547 1112 2608 ongum
1129 2527 1227 2590 Lotis
1241 2530 1362 2592 Ionium

317 2643 475 2740 flatibus
506 2645 619 2712 alut.
670 2646 715 2712 In
748 2638 912 2712 editione
944 2639 1056 2712 etiam
1079 2639 1237 2713 Vediani
1256 2649 1363 2716 Tran-

326 2761 436 2860 quilli
457 2759 663 2849 Parthenii,
690 2757 882 2860 Raguiini,
916 2760 1025 2832 breve
1048 2783 1193 2833 carmen
1219 2765 1363 2862 legitur,

326 2891 438 2982 quem
452 2881 612 2956 eundern
631 2880 696 2954 elle
710 2899 813 2979 puto.
848 2875 985 2954 Reddit
999 2897 1122 2952 autem
1138 2883 1227 2954 haec
1242 2883 1362 2970 editio,

325 3027 438 3102 quam
465 3027 651 3099 nusquam
684 3017 1009 3074 commemoratam
1040 3001 1186 3090 inveni,
1225 3005 1363 3077 Melam

324 3123 514 3213 Camertia,
539 3139 587 3211 et,
614 3122 656 3194 ni
675 3121 797 3212 fallor,
824 3117 1025 3219 brevi'poii
1042 3120 1163 3194 emilia
1185 3120 1246 3212 est,
1270 3127 1362 3213 licet,

324 3267 400 3342 quo
431 3268 530 3317 anno
559 3244 601 3315 id
623 3268 709 3317 vere
736 3241 780 3316 lit
803 3242 961 3331 factum,
994 3239 1168 3316 conliirui
1198 3228 1360 3341 nequeat.

322 3370 450 3453 Servat
472 3389 552 3437 eam
580 3363 801 3438 bibliotheca
828 3359 1079 3436 Univerfitntis
1109 3361 1301 3460 Liplieniia
1327 3381 1362 3438 et

160 3485 165 3502 ⁴
322 3483 463 3558 scholae
483 3482 756 3576 Zviccavieniia,
781 3507 914 3583 exque
928 3483 1107 3560 benevole
1123 3485 1360 3561 tranamillam

168 3617 172 3630 '
322 3602 501 3678 consului.
1024 3597 1026 3602 ’

365 3930 420 4002 ιι)
449 3929 510 4004 Qui
536 3943 566 3984 et
593 3927 761 4006 impliciter
781 3930 815 3988 in
865 3933 1005 3990 Zulttzen
1027 3963 1070 3976 -
1092 3955 1129 3991 ru
1157 3933 1278 3994 lbchcre
1301 3931 1355 4014 gai.
1410 3929 1413 3984 l

318 4011 398 4088 dylir
420 4012 538 4088 dialogo
560 4013 749 4088 Tranquillus
768 4014 812 4069 di·
862 4018 996 4076 Lexicon
1011 4018 1079 4082 Vol.
1103 4041 1130 4079 ι.
1146 4039 1176 4096 p.
1194 4029 1266 4094 359.

317 4098 410 4164 dtur.
444 4113 564 4155 ιιοιιιιι
590 4097 759 4176 Adchmgin
778 4097 813 4158 ln
