2816 4920
357 447 398 498 ΩΙ
639 430 897 492 POMPONH
940 431 1107 490 MELAE

359 605 468 682 aulas
488 601 647 693 habent,
674 601 843 678 totidem
861 603 960 680 olim
979 603 1209 704 principum
1226 601 1365 694 domos,

273 827 279 834 ,
360 739 573 840 solitasque
610 734 799 838 lingulas,
840 737 913 814 ubi
946 740 1156 840 negotium
1191 751 1366 836 exegerat,

361 875 465 952 dena
497 889 739 952 armatorum
769 874 880 948 milia
918 869 1149 949 effundere:
1194 875 1236 946 in
1262 871 1367 946 litore

361 1008 598 1088 Alexandria
615 1005 770 1084 Africae
788 1009 1052 1098 contermina,
1072 1005 1271 1086 Pelusium
1285 1008 1368 1079 Ara·

361 1144 460 1220 biae.
516 1138 620 1243 lpsas
647 1167 734 1220 oras
760 1139 889 1218 secant
917 1144 1184 1243 Canopicum,
1217 1137 1368 1216 Bolbiti-

363 1301 476 1366 cum,
511 1277 842 1377 Sebennyticum,
876 1278 1185 1364 Pathmeticum‚
1214 1270 1367 1350 Mende-

361 1409 486 1504 fium,
514 1408 806 1513 Cataptystum,
834 1412 1100 1504 Pelafiacum,
1135 1410 1226 1490 Nili
1245 1405 1342 1486 ostie

734 1781 895 1859 cAP.
950 1784 999 1858 X.

651 1986 679 2040 Δ,
735 1987 761 2039 Ι
817 1987 846 2041 «Ι
899 1989 925 2036 Β
983 1988 1001 2040 1
1056 1986 1093 2042 Δ.

448 2153 592 2238 araba
626 2159 723 2236 amc
752 2159 803 2237 aa
839 2161 1026 2238 Rubrum
1053 2121 1164 2238 ma're
1192 2157 1363 2261 pertinen

291 2341 299 2350 -
362 2291 432 2370 sed
449 2295 533 2370 illic
548 2296 672 2395 magis
691 2296 791 2371 laeta
809 2310 848 2371 et
864 2295 1008 2387 ditior,
1033 2312 1125 2372 ture
1148 2311 1262 2395 atque
1281 2287 1363 2364 odo-

362 2427 476 2504 ribus
493 2426 689 2505 abundat:
729 2429 809 2518 hic,
836 2429 912 2506 niii
935 2456 1014 2530 qua
1027 2427 1139 2509 Cafio
1159 2444 1290 2506 monte
1308 2419 1363 2496 ad·

362 2563 533 2652 tollitur,
556 2563 673 2664 plana
688 2579 727 2640 et
742 2559 895 2657 sterilis,
915 2582 1079 2666 portum
1094 2564 1265 2641 admittit
1278 2562 1363 2638 Azo-

362 2712 472 2788 tum,
502 2693 665 2775 suarum
699 2700 894 2776 mercium
930 2701 1179 2802 emporium
1223 2721 1297 2797 qua
1327 2692 1363 2766 in

361 2829 488 2908 altum
505 2831 604 2923 abit,
643 2832 741 2911 adeo
769 2833 893 2924 edita,
929 2851 975 2909 ut
992 2859 1040 2908 ex
1056 2831 1212 2911 summo
1232 2828 1362 2909 vertice

361 2981 542 3076 aquarta
556 2969 695 3070 vigilia
714 2985 850 3049 ortum
869 2966 964 3046 ielis
986 2965 1174 3046 ostendat.

720 3324 886 3404 CAP.
944 3325 1014 3403 XI.

784 3530 949 3586 stela·

327 3733 346 3780 1
445 3702 560 3803 Syria
592 3703 670 3780 late
700 3701 818 3784 litora
846 3721 973 3796 tenet,
1017 3721 1217 3806 terrasque
1249 3701 1360 3781 etiam,

358 3832 476 3913 latius
499 3836 713 3930 introrsus,
748 3842 835 3918 aliis
859 3842 1027 3940 aliisque
1052 3854 1277 3942 nuncupata
1299 3856 1375 3953 Ποῖ

356 3969 534 4050 minibus
541 3999 554 4065 ς
599 3999 692 4050 nam
715 3991 754 4050 et
775 3978 898 4054 Coele
919 3975 1091 4068 dicitur,
1125 3993 1166 4052 et
1193 3968 1360 4067 Mesopo·

321 4101 326 4106 ’
355 4107 494 4199 tamin,
529 4124 569 4183 et
590 4113 851 4201 Damascene,
887 4127 926 4188 et
943 4111 1165 4204 Adiabene,
1192 4125 1231 4187 et
1246 4103 1358 4200 Baby·
