2856 4926
485 393 588 452 etr.
627 393 665 452 V.
1027 411 1103 460 xrx

1 558 2 582 ³
60 587 139 639 rum
157 555 410 656 expositarum
429 556 575 632 delectu
592 555 739 647 habito,
771 579 896 644 eveno
910 559 951 634 in
969 560 1107 642 multia

1 734 3 738 >
60 682 288 760 rbermverit.
352 679 465 752 ouius
499 678 652 776 quidem
682 679 791 775 eulpa
822 705 909 754 eum
940 681 981 756 in
1012 683 1102 762 illoa

60 823 227 880 auctores
252 791 456 874 maximam
481 817 626 895 partem
649 799 840 876 transferri
860 800 986 900 poffit,
1019 822 1104 882 tum

59 927 130 1025 ipse
156 925 257 998 solua
285 921 501 1018 reprehendi
531 921 658 1013 debet,
697 919 726 994 li
752 945 886 1018 parum
909 942 1045 1000 certam
1065 945 1105 1002 er

60 1044 294 1122 oonftitutam
316 1041 498 1117 rationem
518 1041 560 1114 in
579 1043 652 1114 hoo
673 1061 890 1141 argumento
911 1048 1102 1122 tractando

60 1167 233 1266 loquitur,
257 1188 338 1254 neo,
365 1185 456 1262 quae
475 1161 650 1262 profellue
665 1157 725 1254 est,
745 1163 820 1260 ipsa
834 1191 873 1238 re
888 1161 1049 1264 praestet.

133 1413 180 1482 In
202 1427 278 1506 qno
299 1405 465 1503 primum
483 1407 555 1482 hoo
577 1403 785 1480 notandum
803 1405 969 1500 videtur,
999 1411 1102 1510 quod

61 1543 147 1604 eum
169 1528 288 1628 fingat
309 1529 540 1604 maritimum
566 1527 728 1618 aurbun,
763 1553 842 1604 non
870 1547 994 1606 tamen
1014 1557 1102 1608 eum

60 1649 199 1746 semper
219 1667 360 1741 tenere,
385 1649 448 1723 sed
460 1648 614 1724 subinde
629 1645 830 1738 conlistere,
856 1649 1103 1750 egressumque

60 1773 147 1845 navi
178 1789 217 1844 et
248 1769 486 1868 exspatiatum
517 1769 656 1846 vicinae
690 1787 803 1843 terrae
831 1768 954 1844 obiille
984 1789 1022 1843 et
1045 1773 1104 1848 in·

60 1889 192 1981 vilille,
231 1892 337 1964 catina
357 1893 418 1966 vel
444 1915 564 1966 unum
587 1893 800 1986 exemplum
825 1890 867 1964 in
891 1899 920 1978 ²)
935 1893 1103 1970 Graeciae

1 2105 2 2108 Ἴ
61 2011 305 2108 descriptione
331 2009 628 2086 commemoralle
660 2010 833 2102 sufficiat,
873 2029 916 2086 nt
937 2033 984 2087 ex
1004 2012 1104 2090 urbi·

61 2137 130 2208 bnt
144 2151 367 2230 praeteream
389 2133 418 2224 ³)
429 2141 550 2204 Pellam
566 2133 728 2230 aliasque
741 2134 877 2228 plures.
917 2133 955 2206 Si
977 2151 1102 2213 tamen

1 2235 2 2286 l
60 2257 131 2330 boo
150 2254 308 2336 vitium,
341 2256 423 2329 leve
444 2255 541 2328 illud
562 2253 606 2328 lit
631 2271 669 2328 et
696 2253 914 2344 excusabile,
948 2243 1043 2330 eum'
1056 2259 1105 2332 ad

60 2395 206 2452 eertum
228 2373 398 2449 ordinem
426 2377 627 2450 tenendum
650 2374 849 2472 seriemque
874 2401 997 2452 terum
1026 2403 1106 2476 per·

59 2497 284 2597 sequendam
297 2495 503 2592 expeditior
521 2497 587 2569 illa
605 2495 665 2570 via
684 2511 820 2591 pateat,
846 2521 932 2587 neo,
956 2499 1022 2595 qui
1043 2523 1107 2574 na·

58 2619 174 2696 vibus
207 2619 412 2709 vehuntur,
450 2618 517 2688 ubi
548 2617 800 2690 memorabilia
828 2615 864 2689 ie
893 2618 936 2690 in
969 2619 1105 2696 vicini·

30 2743 168 2816 (terris
188 2737 474 2834 deprehensurus
489 2735 555 2812 elle
572 2737 762 2828 noverint,
790 2737 835 2809 ab
856 2761 983 2814 earum
1002 2739 1107 2814 aditu

62 2883 98 2939 et
119 2859 403 2960 investigatione
428 2855 562 2932 exclusa
586 2855 665 2930 fine
724 2867 897 2932 Attamen
920 2856 1007 2931 inde
1027 2883 1106 2959 gra·

30 2989 36 2998 ’
60 2988 148 3061 t'riua
171 2982 350 3070 oboritur,
377 2979 489 3077 quod,
514 3003 599 3052 oum
615 2979 665 3052 ita
680 2975 892 3068 instituisset,
918 2979 1016 3054 aluo
1032 2981 1108 3080 ipso

63 3105 221 3182 oonlilio
251 3101 420 3191 descivit,
454 3119 508 3190 et,
549 3125 634 3173 enm
666 3098 854 3174 clarillima
886 3100 1109 3197 quaequele

63 3225 220 3303 [uicum
242 3225 429 3296 dicturum
449 3219 516 3296 elle
535 3225 566 3310 ⁴)
580 3217 812 3311 adfirmallet,
845 3223 962 3292 multa
984 3237 1109 3296 tamen

64 3351 146 3424 loon
177 3345 385 3444 praeteriit,
424 3368 517 3442 quaa
551 3361 701 3440 propter
734 3341 978 3413 celebritatem
1013 3341 1111 3414 indi·

66 3495 147 3543 mre
170 3486 269 3542 recte
288 3482 451 3562 poterat,
483 3482 548 3538 aut
568 3465 692 3561 potina
714 3460 883 3549 debebat,
912 3461 953 3534 in
975 3463 1111 3559 quibua
1217 3478 1223 3491 ²

69 3591 155 3665 lunt
178 3599 330 3666 Cannae,
356 3591 505 3667 Munda,
530 3591 723 3662 Ecbatana,
746 3581 982 3683 Hierosolyma,
1005 3593 1111 3654 Phar·

62 3713 183 3830 salar,
203 3707 399 3810 Perfipolir,
431 3713 589 3789 Leuctra,
618 3713 809 3784 Mantinea,
836 3711 985 3794 stagna,
1011 3704 1114 3803 quod
1227 3777 1234 3790 ,

1 3965 2 3975 ’
113 3966 147 4034 a)
169 3961 240 4020 Lib.
258 3977 288 4025 a,
305 3972 335 4028 5.
664 3958 698 4027 a)
718 3953 786 4012 Lib.
805 3968 833 4018 a.
852 3965 880 4021 5.
899 3951 939 4010 iu.

113 4070 147 4138 4)
168 4069 206 4122 In
226 4065 414 4142 praelatione.

694 4185 769 4262 bn
