2816 4920
173 429 235 490 nn
268 427 382 490 stau
412 425 557 488 onam
592 429 682 486 ιιιι.
705 429 746 486 ιι.
787 429 898 490 unt.
999 439 1042 506 δι

43 601 200 678 nntium
223 613 313 676 emt.
371 599 548 689 Pallene,
578 595 654 676 loli
678 613 758 674 tam
780 597 968 700 petentis,
996 615 1098 692 utu

43 737 211 837 quinque
226 736 391 814 urbium
411 731 521 812 ledet
544 729 589 810 fit
608 749 728 836 utque
749 757 861 835 eger,
892 749 974 821 tote
1000 735 1047 812 in

43 872 153 948 altum
176 871 276 960 abit,
311 867 471 971 angusta
496 866 605 958 fetis,
638 865 749 946 unde
776 869 929 972 incipit
984 869 1047 946 lbi

43 1003 89 1085 est
104 1003 306 1082 Potidneoz
334 1019 374 1080 at
388 1003 464 1081 ubi
486 1005 613 1082 laxius
630 1017 747 1106 patet,
773 1002 925 1082 Mende
939 1005 1048 1082 Scio·

42 1163 159 1240 neque
185 1137 435 1230 referendam
478 1139 547 1216 illa
574 1138 624 1214 ab
651 1138 831 1228 Eretriis,
871 1137 969 1214 haee
997 1135 1047 1214 ab

43 1273 211 1367 Achivis,
239 1289 353 1378 capto
375 1275 452 1352 llio
473 1273 760 1364 remeantibus,
786 1271 921 1376 polite

381 1592 417 1673 C
451 1593 485 1672 Α
515 1597 557 1670 P.
612 1595 691 1669 111.

67 1758 304 1850 Macedonia,
337 1756 519 1848 Graecia,
547 1747 846 1868 Peloponnesus,
873 1753 1022 1857 Epirus

396 1909 435 1970 et
463 1893 676 1994 Illyricum.

116 2095 223 2170 Tum
247 2091 519 2169 Macedonum
542 2089 687 2192 populi
711 2105 812 2192 quot
834 2091 953 2170 nrbes
980 2090 1089 2173 het-1

46 2223 175 2318 liunt,
223 2253 395 2329 quarum
429 2227 538 2301 Pelle
574 2223 631 2302 est
665 2228 837 2302 maxime
873 2223 1053 2322 illustris⁴¹

48 2361 199 2438 Alumni
218 2361 407 2452 efficiunt,
433 2361 644 2462 Philippus
664 2361 846 2438 Graeciae
864 2359 1053 2451 domitor,

48 2495 252 2572 Alexander
269 2499 387 2572 etium
408 2493 526 2573 Asiae.
571 2499 618 2571 ln
638 2494 755 2571 litore
769 2493 895 2573 flexus
911 2499 1054 2594 Mecy-

48 2628 245 2721 bermeus,
278 2633 385 2706 inter
411 2630 685 2730 promontoria
711 2629 880 2718 Derrin,
915 2642 955 2704 et
979 2629 1054 2705 Ca·

49 2763 271 2854 milraeum,
315 2779 355 2840 et
383 2780 568 2866 portum
611 2767 684 2863 qui
715 2765 842 2859 Κωφὸς
880 2759 1053 2838 dicitur:

51 2899 153 2978 urbes
166 2907 360 2979 Toronen
377 2913 417 2974 et
429 2895 663 2990 Miscellam,
692 2912 823 3000 atque,
849 2895 959 2974 unde
980 2891 1055 2996 ipli

51 3056 182 3111 nomen
202 3032 270 3126 est,
297 3033 585 3135 Mecybemam
605 3035 784 3135 incingit
823 3027 1056 3111 cananruo

53 3169 317 3266 promontorio
353 3171 454 3246 Sane
486 3169 667 3271 proxima
703 3165 769 3246 est.
844 3166 1057 3269 Mecyber-

54 3325 161 3380 naeue
190 3319 325 3392 autem
356 3305 402 3379 in
429 3302 585 3394 medio,
633 3326 713 3401 qua
741 3317 846 3380 terra
872 3301 938 3378 dat
970 3323 1059 3404 gre·

54 3435 185 3528 mium,
208 3436 368 3516 modice
384 3439 427 3514 in
447 3438 566 3515 litora
584 3435 818 3539 ingreditur.
869 3437 1059 3514 Ceterum

4 3577 6 3596 '
56 3565 171 3672 longis
203 3573 249 3649 in
288 3575 416 3650 altum
453 3571 626 3651 immiffie
661 3572 871 3661 luteribus,
918 3573 1062 3672 ingens

57 3702 138 3780 inde
155 3707 413 3788 Thermaicus
433 3702 539 3787 finus
562 3703 627 3784 est.
668 3711 716 3782 ln
738 3731 831 3784 eum
850 3705 973 3783 Axius
989 3725 1062 3807 per

59 3836 300 3936 Macedonas,
337 3859 377 3920 et
397 3845 478 3933 iam
503 3867 576 3946 per
590 3837 795 3923 Thess'aloe
817 3847 972 3918 Peneus
997 3861 1063 3914 ex·

61 3976 178 4052 currit.
235 3982 339 4057 Ante
369 3979 516 4056 Axium
542 3973 812 4056 Theffaloniee
840 3972 915 4052 est:
959 3975 1064 4049 inter

61 4123 263 4216 utrumque
289 4109 523 4206 Callendrit,
550 4113 706 4218 Cydne,
733 4113 889 4203 Aloros,
923 4109 1062 4188 leeris:
