2816 4920
378 408 421 476 a*
660 395 921 457 rourourr
961 399 1127 457 manaa

378 568 528 658 statuit,
565 571 672 646 ricto
702 573 905 646 Oenomao
935 567 1113 645 reversus
1141 594 1188 644 ex
1211 559 1364 666 Graecia

377 707 533 804 Cymen
549 701 784 792 nominavit,
801 701 943 804 pulsis,
962 705 1034 803 qui
1051 705 1274 793 habitarunt,
1299 705 1365 783 dur

375 841 622 917 Amazonum
638 841 776 938 Cyme.
819 843 944 938 Supra
961 840 1101 915 Caicus
1117 840 1219 914 inter
1232 840 1365 916 Elaeam

374 973 550 1050 decurrit
564 988 603 1048 ct
621 975 797 1062 Pitanen,
815 974 937 1063 illam,
955 998 1057 1073 quae
1077 971 1264 1050 Arcefilan
1277 975 1364 1065 tulit,

370 1110 475 1185 nihil
497 1105 737 1184 adfirmantis
764 1106 995 1192 Academiae
1021 1105 1259 1184 clariffimum
1281 1108 1364 1182 anti·

329 1243 509 1319 ailitem.
568 1249 675 1318 Tum
700 1245 744 1317 in
765 1245 1044 1343 promontorio
1066 1241 1120 1318 est
1145 1245 1246 1320 Cana
1266 1242 1363 1342 oppi-

368 1380 487 1455 dum:
530 1378 643 1478 quod
668 1392 954 1478 praetervectos
979 1375 1084 1455 finus
1110 1379 1267 1480 excipit,
1291 1402 1362 1454 non

365 1539 537 1618 pronus,
572 1511 641 1588 sed
664 1513 784 1613 longe
811 1537 854 1587 ac
879 1513 1056 1590 molliter
1084 1513 1226 1604 flexus,
1259 1529 1361 1588 retra·

364 1651 544 1750 hensque
567 1650 772 1751 paullatim
796 1673 881 1724 oras
907 1673 1034 1746 usqne
1058 1648 1109 1724 ad
1133 1648 1360 1726 ima'montis

361 1785 464 1862 ldae.
523 1789 559 1862 Is
590 1787 722 1885 primo
742 1784 875 1883 parvis
902 1784 1072 1864 urbibus
1092 1781 1284 1885 adspersus
1304 1779 1358 1870 cll,

353 1899 531 2022 'quarum
569 1917 764 1994 clarillnna
794 1916 848 1992 est
876 1917 1072 1996 Cisthena.
1131 1920 1285 1997 Gremio
1306 1919 1357 1991 in·

358 2059 504 2132 teriora
527 2079 706 2153 campus,
733 2052 870 2128 Thebe
889 2055 1076 2145 nomine,
1103 2053 1356 2154 Adramytion,

358 2189 508 2290 Astyra,
544 2186 747 2288 Chrysam,
775 2187 934 2288 oppida,
971 2189 1127 2280 eodem,
1164 2216 1242 2289 quo
1269 2186 1355 2262 dien

355 2322 466 2412 sunt,
507 2322 649 2399 ordine
672 2319 906 2412 adiacentia,
946 2326 1143 2415 continet;
1179 2326 1222 2398 in
1249 2323 1354 2396 altero

353 2460 473 2533 latere
515 2454 774 2533 Antandrum.
847 2459 1009 2557 Duplex
1047 2457 1160 2536 causa
1195 2454 1352 2534 nominis

351 2596 524 2669 iactatur.
584 2593 663 2667 Alii
681 2590 907 2679 Ascanium,
931 2597 1082 2669 Aeneae
1097 2593 1245 2684 filium,
1272 2613 1350 2668 cum

350 2731 409 2805 ibi
430 2743 631 2828 regnaret,
674 2742 833 2827 captum
859 2751 880 2801 a
903 2728 1091 2828 Pelasgis,
1129 2755 1173 2805 ea
1195 2728 1231 2804 se
1252 2725 1350 2804 rede·

348 2862 457 2942 mille
485 2879 814 2941 commemorant:
836 2864 923 2936 alii
946 2865 993 2938 ab
1019 2864 1082 2940 lris
1109 2880 1253 2966 putant,
1268 2885 1350 2938 con·

348 2998 490 3086 ditant,
535 3023 634 3097 quos
661 3024 708 3070 ex
737 2996 873 3073 Andro
903 2995 1122 3078 insularis
1153 3015 1192 3076 et
1220 2997 1348 3074 seditio

346 3147 534 3232 exegerat.
615 3134 718 3208 Hinc
754 3131 800 3226 hi
840 3132 1109 3230 Antandrum,
1151 3132 1257 3236 quast
1284 3152 1349 3232 pro

308 3277 328 3342 5
347 3267 503 3354 Andr0,
532 3266 594 3340 illi
610 3264 716 3364 quali
740 3292 813 3365 pro
832 3267 921 3344 viro
943 3272 1064 3370 accipi
1080 3270 1235 3347 volunt
1290 3266 1348 3340 Se·

342 3427 468 3501 quens
487 3417 629 3476 tractus
647 3404 770 3500 tangit
787 3405 951 3502 Gargara
973 3421 1010 3479 et
1031 3403 1166 3494 Allon,
1197 3401 1346 3480 Aeolio·

340 3563 432 3611 rum
444 3538 638 3613 colonias.
697 3541 804 3612 Tum
822 3535 927 3614 linus
943 3541 1058 3632 alter,
1083 3549 1228 3638 ’Δχᾱιυῖν
1245 3510 1343 3635 lrplyr.

339 3697 420 3748 non
446 3673 562 3770 longe
584 3672 631 3745 ab
653 3672 728 3746 Ilio
748 3638 862 3747 litora
886 3673 1089 3765 incurvat,
1125 3679 1225 3754 urbe
1245 3673 1343 3750 bello

339 3806 574 3906 excidioque
599 3805 805 3890 clarillrma.
866 3810 940 3882 Hic
959 3812 1116 3909 Sigeum
1135 3811 1214 3886 fuit
1237 3806 1344 3908 oppi-

337 3941 456 4033 dum;
497 3943 564 4017 hic
595 3941 842 4016 Achivorum
868 3941 947 4018 fuit
972 3945 1203 4022 bellantium
1226 3943 1339 4018 statio.

336 4081 426 4154 Huc
443 4077 491 4153 ab
510 4077 626 4154 Idaeo
648 4091 784 4154 monte
805 4075 988 4156 demillus
1006 4080 1238 4158 Scamander
1257 4075 1341 4164 exit,
