2816 4920
343 425 388 500 tt
626 415 885 477 ronronrr
928 415 1095 476 narra

344 585 697 688 Peloponnesiacae
716 603 851 689 gentes
869 587 1053 690 undique
1070 589 1283 690 incingunt.
1308 591 1349 664 In

345 747 391 802 ea
413 720 505 798 sunt
531 724 648 799 urbes
673 721 857 824 Psophis,
893 728 1043 825 Tegea,
1074 725 1349 813 Orchomenos;

344 872 500 938 montes
525 859 689 946 Pholoi,
717 859 948 957 Cyllenius,
977 859 1228 950 Parthenius,
1254 863 1350 936 Mae·

342 995 482 1085 nalus;
512 989 680 1067 flumina
699 994 967 1094 Erymanthus
986 1009 1026 1070 et
1036 995 1196 1072 Ladon:
1231 998 1273 1071 in
1289 997 1352 1070 Ae·

344 1131 443 1207 tolia
464 1111 704 1228 Naupactus,
726 1130 770 1202 in
790 1131 1004 1234 Acarnania
1023 1134 1180 1221 Stratos,
1201 1127 1351 1230 oppida:

345 1266 391 1342 in
420 1263 543 1364 Epiro
568 1261 781 1338 Dodonaei
813 1267 921 1342 lovis
956 1265 1173 1367 templum,
1208 1282 1248 1339 ot
1274 1260 1353 1339 fons

345 1399 440 1476 ideo
458 1396 575 1486 lacer,
602 1395 726 1494 qnod,
755 1425 848 1476 cum
871 1398 915 1476 fit
936 1398 1120 1501 frigidus,
1150 1415 1189 1476 et
1209 1401 1355 1474 immer-

346 1533 405 1612 sas
442 1531 563 1623 iaces,
608 1531 707 1610 ficut
742 1537 879 1627 ceteri,
903 1534 1151 1642 exstinguat,
1193 1535 1261 1614 nbi
1287 1529 1355 1608 line

313 1671 441 1772 signe
464 1668 609 1772 procul
637 1668 921 1762 admoventur,
952 1669 1140 1747 accendit
1204 1673 1253 1747 At
1277 1689 1357 1743 cnm

346 1805 466 1882 litora
497 1804 707 1904 leguntur,
748 1831 770 1878 a
800 1807 1080 1904 promontorio
1106 1804 1269 1909 Sepiade
1295 1823 1356 1904 per

345 1941 621 2029 Demetrium,
660 1955 699 2014 et
724 1941 878 2031 Halon,
914 1955 954 2018 et
974 1941 1160 2030 Pteleon,
1192 1955 1232 2016 et
1253 1937 1358 2016 Echi·

347 2081 433 2153 hon
450 2072 501 2148 ad
525 2072 759 2175 Pagasaeum
775 2072 906 2152 smum
925 2074 1062 2154 cursus
1083 2074 1149 2152 est.
1209 2075 1279 2151 llle
1301 2095 1359 2148 nr·

346 2210 439 2285 bern
476 2205 656 2309 Pegasum
688 2210 912 2310 amplexus,
962 2235 1118 2287 amnem
1151 2209 1360 2314 Sperchion

348 2344 510 2446 accipit:
554 2357 613 2432 et,
641 2343 735 2442 quia
756 2344 942 2444 Minyae,
967 2344 1163 2423 Colchida
1185 2359 1359 2448 petentes,

347 2479 445 2558 inde
477 2481 582 2580 Argo
616 2500 759 2552 navem
786 2477 960 2568 solvere,
994 2496 1252 2559 memoratur.
1308 2475 1360 2554 Ab

349 2639 399 2692 eo
419 2611 470 2690 ad
486 2605 659 2690 Sunium
672 2609 927 2690 tendentibus
945 2614 1014 2688 illa
1034 2611 1360 2717 praenaviganda:

349 2751 546 2830 Maliacus
575 2763 615 2823 et
643 2748 864 2849 Opuntius,
906 2747 1072 2848 grandes
1098 2745 1228 2842 linus,
1263 2748 1362 2834 etin

349 2885 432 2974 his,
462 2881 665 2962 caelorum
681 2883 799 2958 etiam
816 2887 1022 2960 Laconum
1040 2899 1219 2984 tropaea,
1248 2885 1363 2962 Ther·

348 3022 550 3122 mopylae,
580 3023 722 3120 Opoit,
752 3016 932 3117 Scarpha,
968 3017 1196 3110 Cnemides,
1225 3021 1364 3122 Alope:

351 3153 579 3242 Anthedon,
611 3157 831 3252 Larymne,
871 3153 1002 3242 Aulis,
1037 3156 1364 3256 Agamemnoniae

351 3290 645 3385 Graiorumque
671 3284 786 3362 claffis
807 3288 853 3362 in
878 3289 1041 3363 Troiam
1073 3293 1365 3367 coniurantinm

351 3421 483 3501 statio:
533 3421 770 3510 Marathon,
813 3446 1046 3521 magnarum
1073 3426 1366 3524 multarumque

350 3559 550 3634 virtutum
575 3553 700 3644 testis,
742 3557 823 3632 iam
852 3554 948 3631 inde
971 3580 994 3631 a
1016 3557 1192 3649 Theseo,
1227 3555 1367 3636 Perstoa

350 3694 520 3771 maxime
556 3690 684 3778 clade,
727 3705 941 3791 pernotus:
997 3691 1208 3773 Rhamnns
1242 3715 1366 3795 parva,

349 3825 513 3904 illustris
544 3841 695 3916 tamen,
739 3825 853 3925 qnod
874 3827 919 3900 in
947 3849 992 3902 ea
1018 3825 1160 3904 fanum
1192 3825 1251 3903 att
1281 3835 1368 3904 Am·

349 3961 504 4065 phiarai
546 3976 584 4036 et
626 3960 810 4036 Phidiaca
845 3960 1046 4038 Nemefis:
1097 3961 1298 4040 Thoricos
1333 3974 1369 4036 et

347 4098 587 4206 Brauronia,
617 4097 715 4176 olim
740 4096 877 4186 urbes,
911 4097 991 4174 iam
1014 4112 1166 4179 tamum
1193 4098 1365 4178 nomina.
