2856 4926
460 420 559 479 CAP.
600 424 706 484 VIII.
998 439 1099 488 mx

1 590 3 615 '
49 583 239 687 Lipfiensuc
250 583 494 660 bibliothecae
504 585 668 664 subfidiia
684 587 770 663 usus
784 583 844 664 est.
868 591 969 664 Haec
984 591 1096 664 altero

48 737 163 811 nuper
177 711 220 783 in
237 709 500 785 bibliothecam
514 711 761 786 Electoralem
777 711 1022 788 Drasdeusem
1038 713 1093 788 iu·

46 836 114 908 latu
136 829 198 908 est.
311 827 314 838 '

301 1062 336 1134 9.
395 1038 615 1114 venetiis
646 1057 755 1134 toga.
789 1058 830 1134 4.·

106 1201 284 1276 Titulum
308 1197 466 1298 praefert
487 1202 604 1274 hunc:
643 1212 682 1275 P.
705 1211 825 1274 Mellae
849 1199 1085 1304 cosmographi

43 1329 266 1413 Geograpbia:
288 1321 447 1420 Prisciani
460 1349 584 1415 quoque
596 1353 635 1393 ex
642 1330 803 1427 Dionysio
822 1325 1084 1425 Thessaloniemsi

38 1453 73 1514 de
83 1450 159 1546 situ
182 1447 266 1512 orbis
287 1451 521 1532 interpretatio.
570 1451 615 1519 In
640 1445 731 1519 fine:
769 1453 936 1518 Eritardus
958 1453 1083 1516 ratdolt

37 1567 245 1664 Augustots'ts
283 1565 434 1663 impreffit
477 1571 512 1636 V
510 1577 621 1638 enetiis
640 1609 689 1626 —
717 1584 826 1659 ¹48²·
872 1575 963 1638 Laus
995 1573 1080 1640 Dm·

35 1686 197 1761 Proeiixa
220 1680 268 1756 est
294 1685 417 1756 tabula
444 1685 554 1760 lineis
580 1686 762 1786 lignisque
783 1685 968 1777 distincta,
1007 1711 1081 1783 quo

36 1810 196 1882 cernitur
217 1803 371 1902 expreffa
388 1811 554 1904 Europe,
579 1805 659 1881 Aba
680 1828 716 1882 et
731 1809 854 1884 Africa
872 1828 909 1883 et
927 1809 1080 1906 pelagus
1161 1803 1168 1812 ’

32 1932 225 2014 lodicum
260 1925 404 2024 inipso
431 1927 587 2000 circuitu
608 1931 712 2004 venti
742 1929 901 2029 adposita
927 1932 999 2006 hac.
1021 1928 1079 2002 in·

32 2053 246 2150 scriptione:
294 2055 449 2118 Novciiae
484 2059 567 2120 etati
593 2059 639 2120 ad
668 2062 859 2144 geographie
887 2058 1077 2148 omicqutos

31 2185 121 2246 eaiies
165 2181 307 2241 bamam
344 2179 415 2239 viro
453 2169 638 2270 neceffarios
661 2176 765 2272 flores
801 2173 964 2274 aspiranti
994 2193 1074 2246 votat

30 2298 206 2367 timuerat
225 2297 337 2382 pono.
386 2291 535 2365 Divisus
559 2289 608 2365 est
629 2297 730 2367 Mela
750 2295 789 2382 iu
813 2295 996 2392 [eginentc
1017 2293 1075 2366 in·

29 2415 198 2518 figniorit
214 2412 421 2512 argumenti
441 2411 636 2508 proemiffio
658 2414 969 2512 inscriptionibus,
989 2438 1025 2488 v.
1042 2437 1073 2486 o.

29 2541 64 2612 in
84 2539 189 2611 libro
210 2536 332 2630 primo
350 2543 559 2625 prooemium,
594 2543 704 2605 mundi
730 2545 765 2606 in
795 2557 934 2628 quatuor
962 2554 1073 2624 partes

28 2663 160 2758 divisio,
179 2655 311 2756 summa
330 2659 434 2756 Asiae.
459 2697 509 2713 -
547 2661 592 2728 In
612 2657 762 2754 reliquis
781 2657 886 2730 tibris
902 2656 977 2754 ipse
993 2673 1073 2727 tau·

27 2798 102 2854 tum
126 2778 228 2850 liber
253 2776 440 2850 iudicatur
467 2773 534 2850 fic:
580 2787 621 2848 P.
650 2787 703 2850 M.
730 2785 770 2846 de
788 2783 863 2880 sim
887 2781 973 2849 orbis
997 2779 1073 2845 liber

22 2903 192 3002 securtdns.
231 2907 273 2971 P.
295 2907 348 2968 M.
368 2896 600 2997 cosmographi
616 2904 831 2971 libertertius.
868 2905 1072 2974 Externum
1126 2940 1129 2947 ·

26 3025 95 3098 eius
112 3021 273 3120 speciem
287 3018 455 3091 describit
469 3018 690 3091 bibliotheca
706 3019 889 3093 Firmiono
906 3019 1072 3114 (Medin-

24 3147 230 3233 Iani·17ss3.
246 3146 303 3234 4.)
322 3142 405 3214 Vol.
423 3165 458 3232 4.
474 3139 540 3213 fic:
568 3141 805 3216 caracteribus
821 3141 1069 3242 semigothicit

25 3263 282 3366 grandioribus
292 3262 506 3359 nitidioque,
521 3257 700 3359 fimulque
714 3281 889 3337 monetur
902 3265 1070 3362 ignotam

24 3413 97 3462 eum
112 3383 223 3460 huffe
239 3386 420 3484 Lungleto
441 3384 493 3454 du
512 3390 676 3478 Fresnoy
691 3386 787 3457 etde
802 3385 924 3461 Burio.
961 3391 1070 3458 Com·

23 3507 248 3583 memoravit
269 3531 348 3579 eam
363 3505 551 3578 Maittaire
573 3529 609 3602 p.
626 3511 708 3596 167.
724 3531 753 3578 c.
774 3507 800 3578 l.
834 3506 1067 3580 Seemillerus

24 3632 58 3704 iu
76 3627 320 3704 incunabulis
334 3645 480 3724 typogr.
496 3627 629 3700 Fascio.
647 3651 681 3699 a.
702 3654 739 3724 p.
756 3649 839 3714 115.
881 3627 1069 3724 Conspirot

24 3751 94 3828 fere
126 3775 218 3826 cum
245 3749 406 3822 editione
427 3754 565 3820 Veneta
591 3747 766 3846 superiori
791 3767 964 3845 utroque,
1002 3775 1069 3822 neo

25 3873 184 3948 uffiraro
199 3872 392 3968 diecrepot
419 3869 641 3942 confruendi
659 3871 804 3966 copiam
822 3867 1069 3942 liberaliffimo

26 3993 193 4072 conoeffit
220 3993 444 4066 bibliotheca
476 3988 700 4064 Dresdeufis.
752 3987 835 4063 Post
864 3991 906 4062 in
937 3990 1068 4063 multis

28 4119 98 4195 diis
121 4111 363 4191 bibliothecis
384 4110 576 4210 repositam
596 4113 708 4186 etium
727 4110 793 4185 effe
812 4109 992 4186 intellexi.
