2868 4930
468 405 568 464 car.
607 405 713 468 tarr.
1009 428 1114 480 cm

65 591 190 650 urum
205 569 365 646 seorsum
384 569 608 670 prodierint,
634 593 681 642 an
702 567 820 666 ipsum
835 575 977 648 Melam
995 585 1109 654 comi.

37 782 40 790 .
64 715 137 771 tun
161 713 289 768 nactae
307 693 455 766 fuerim.
514 689 573 764 sic
595 691 695 762 enim
711 691 840 764 diserte
861 694 972 784 refert
986 704 1108 778 Fabri.

63 820 139 892 cius
158 811 315 891 Ernestii
333 820 377 888 T.
394 838 427 886 a.
444 837 525 912 pag.
543 835 601 906 79.
636 811 738 885 Ferd.
753 819 886 887 Nonus
901 817 1104 916 Pindarus,

39 1020 41 1024 ¹
60 938 260 1044 fflpmru,
276 937 493 1008 Rhetorices
505 951 542 1006 et
559 935 748 1030 utriusque
763 935 912 1032 linguae
925 940 1107 1022 Professor

62 1061 98 1133 in
134 1057 320 1132 academia
353 1053 625 1130 salmanticensi
655 1095 705 1112 -
737 1053 987 1158 castigationes
1019 1089 1106 1144 curn

61 1157 167 1254 textu
184 1182 308 1254 Melae
327 1179 492 1277 primum
510 1176 625 1250 edidit
638 1177 875 1252 Salmanticae
894 1203 924 1252 a.
944 1203 1051 1278 1543.
1070 1211 1104 1278 5,
1209 1253 1212 1260 ,

38 1395 39 1398 ¹
60 1298 266 1400 sedpofiea
287 1323 347 1372 eas
370 1299 564 1398 diligenter
586 1299 792 1371 retractavit
806 1298 845 1372 in
864 1297 1106 1402 castigationi.

60 1425 129 1498 bus
146 1419 327 1495 Plinianis
343 1415 423 1516 post
437 1420 501 1491 lib.
519 1423 553 1492 6.
568 1444 624 1492 an.
644 1437 750 1510 1547.
774 1439 808 1508 5.
847 1427 900 1494 lta
914 1428 1104 1508 Salmasius

58 1545 99 1617 in
115 1541 439 1646 enercitationibus
455 1541 550 1613 Plin.
565 1541 605 1612 in
623 1540 794 1613 Solinum
809 1567 844 1637 p.
860 1569 910 1616 m.
923 1549 1006 1634 605.
1030 1551 1106 1624 edi.

59 1665 207 1738 tionem
226 1662 391 1737 Pintiani
408 1679 690 1750 commemorat,
716 1685 788 1758 qua
805 1663 916 1736 etiam
932 1666 1016 1742 usus
1037 1671 1105 1748 csse

57 1787 210 1860 videtur
234 1791 362 1856 Petrus
394 1775 449 1855 de*
465 1789 591 1854 Marce
617 1781 657 1854 in
684 1787 809 1854 Merca
835 1785 936 1884 Hisp.
959 1813 989 1878 ι,
1010 1816 1045 1884 9,
1067 1799 1102 1868 6,

33 1885 35 1891 ’
57 1907 194 1982 Scribit
210 1905 311 1978 enim
325 1904 370 1976 de
379 1903 538 1976 Pintiani
553 1905 808 1979 emendatione
820 1905 861 1977 in
873 1911 971 1982 Mela
989 1938 1022 2002 ιι,
1034 1915 1106 2002 5.f.

58 2027 150 2120 „Sic
165 2025 279 2098 edidit
292 2025 390 2098 hunc
405 2027 551 2097 locunt:
580 2033 659 2096 Tum
672 2035 706 2095 in
719 2034 875 2116 Pyrenaei
887 2034 1105 2132 promontorio

36 2156 213 2246 'templum
236 2153 370 2220 Veneris
393 2187 446 2202 -·
488 2145 734 2219 correctionis
766 2149 946 2224 rationem
984 2156 1106 2232 reddit

58 2271 103 2344 in
130 2267 434 2341 adnotationibus
454 2265 527 2338 suis
551 2266 597 2336 ad
622 2267 719 2338 burm
741 2269 907 2342 locum.“
958 2277 1104 2372 Quibus

55 2387 751 2465 verbiseditionemabadnotationibus
762 2385 961 2489 distinguit.
978 2399 1106 2472 Schot-

58 2529 122 2586 tus
138 2512 264 2597 etiam,
290 2511 355 2606 qui
375 2507 474 2582 nosse
494 2527 648 2606 poterat,
676 2512 725 2582 ita
743 2509 788 2582 ad
806 2533 839 2599 5,
855 2535 889 2600 7,
905 2539 940 2586 a.
962 2514 1104 2593 scribit:

40 2609 175 2709 'Edico
189 2633 274 2702 'iam
289 2631 390 2703 Mela
411 2632 590 2730 Novrffima
611 2637 712 2700 India
731 2632 805 2728 legi
826 2635 946 2706 voluit
969 2639 1106 2712 Pintia-

61 2780 146 2830 nus.
190 2759 241 2827 Et
264 2749 311 2824 sic
334 2777 380 2823 ex
405 2751 562 2824 aliorum
587 2750 903 2825 narrationibus'
892 2779 932 2826 ιιι
960 2758 1107 2832 recensu

60 2877 273 2986 editionum
294 2870 512 2967 interposuit
531 2871 642 2944 etiam
662 2871 756 2942 hanc
772 2879 939 2970 Hagerus
962 2901 998 2972 p.
1017 2895 1104 2990 524.

60 3001 136 3080 cl.
161 3014 199 3068 et
223 3019 310 3068 cum
334 2991 678 3092 castigationibus
647 3015 725 3064 erus
751 2981 1106 3096 paralipomenisquo

61 3137 98 3194 et
118 3114 438 3191 retractationibus
454 3139 511 3185 an.
529 3133 635 3204 1545.
653 3111 820 3208 prodiisse
835 3113 955 3204 resert,
981 3115 1043 3190 etsi
1057 3119 1106 3194 sic

60 3240 191 3314 minus
208 3253 370 3309 accurate
385 3234 519 3306 miscet.
570 3243 620 3306 At
635 3234 675 3306 in
696 3233 778 3305 aliis
795 3235 1015 3327 auctoribus,
1040 3243 1106 3338 qui

59 3377 158 3435 certa
172 3356 272 3432 nosse
283 3374 319 3430 et
332 3354 472 3430 adferre
486 3353 666 3426 debebant
680 3371 716 3426 et
729 3371 909 3448 poterant,
931 3356 1105 3434 editionis

59 3481 255 3560 mentione
271 3477 406 3566 omissa,
427 3475 583 3549 omnino
595 3491 741 3546 rantum
756 3474 1023 3552 observationes
1039 3506 1107 3556 no·

60 3581 209 3692 tantur,
242 3599 289 3686 in,
312 3598 459 3695 quibus·
474 3597 659 3670 Antonius
679 3593 721 3666 in
746 3593 835 3666 bibl.
859 3597 960 3696 Hisp.
982 3619 1105 3674 vetere
1193 3589 1196 3596 ⁵

60 3731 104 3798 Τ.
124 3747 158 3794 1.
180 3721 247 3793 lib.
268 3743 300 3790 1.
317 3744 348 3790 c.
368 3742 422 3790 ιι.
445 3741 480 3814 p.
497 3739 555 3804 52.
571 3717 595 3790 s
611 3742 646 3813 p.
663 3721 722 3804 65.
746 3718 802 3791 ed.
821 3721 983 3812 bayard,
1009 3739 1046 3792 et
1062 3721 1104 3794 in

60 3845 155 3932 bibl.
172 3843 333 3936 Hispana
353 3863 449 3912 nova
463 3845 505 3912 T.
524 3864 555 3910 1.
572 3867 607 3935 p.
625 3863 709 3934 291.
724 3840 747 3911 s.
765 3857 849 3930 554.
901 3845 954 3912 Ita
975 3839 1019 3910 in
1033 3839 1105 3934 spo-

60 3965 200 4036 cimine
228 3960 469 4036 bibliothecae
491 3959 926 4056 Hispano-Maiansranae
946 3983 1025 4056 pag.
1045 3980 1105 4048 57.

60 4101 212 4159 tentum
227 4083 315 4154 hacc
331 4104 352 4153 a
369 4079 547 4172 Maiansto
563 4099 688 4156 notata
704 4082 897 4179 leguntur:
932 4078 1107 4174 „Scripsit
1198 4129 1202 4135 -

109 4237 155 4293 De
172 4235 272 4310 Pomp.
288 4235 381 4292 Mese.
773 4213 799 4281 k
