2816 4920
188 393 253 452 or.
288 391 402 451 stro
436 389 584 450 ornrs
619 391 708 450 un.
738 391 794 454 nt
835 395 868 456 c.
891 399 929 460 v.
1027 405 1071 478 ω

48 562 214 664 iaqueus
238 559 362 640 hostis
382 563 522 664 exigit,
562 563 617 636 ita
641 585 703 637 res
730 587 906 664 opesque
937 563 1071 646 senum

49 701 224 788 trahens,
270 695 423 798 semper
468 695 587 771 castra
622 695 819 788 habitant5
877 699 1070 798 bellatrix,

47 836 182 924 libera,
209 831 419 921 indomita,
453 847 492 906 et
524 857 652 931 usque
675 856 724 908 eo
745 834 930 912 immanis
949 853 1069 938 atque

48 987 169 1060 atrox,
189 985 237 1046 ut
251 966 423 1043 feminae
437 967 555 1042 etiam
575 989 666 1040 cunt
685 968 784 1042 viris
798 967 900 1044 bella
912 971 1092 1066 ineant3'

49 1120 163 1205 etque
182 1121 228 1180 ut
247 1103 399 1178 habiles
420 1097 514 1190 fint,
542 1102 643 1176 natis
663 1097 791 1178 statim
817 1102 951 1180 dextra
971 1107 1070 1188 adu·

48 1242 149 1316 ritnr
168 1261 361 1314 mamma:
403 1235 500 1310 inde
524 1233 706 1336 expedita
727 1238 771 1312 in
790 1238 891 1316 ictus
915 1267 1069 1336 manus,

48 1400 146 1475 quae
170 1369 380 1463 exseritur,
416 1370 536 1447 virile
559 1365 604 1444 fit
622 1385 768 1470 pectus.
835 1375 961 1452 Arcus
982 1394 1104 1476 ten-3

46 1508 162 1598 dere,
196 1509 391 1607 equitare,
425 1505 576 1593 venari,
606 1507 802 1606 puellaria
819 1507 936 1608 pensa
954 1510 1069 1590 sunt:

47 1641 167 1720 ferire
181 1637 346 1731 hostem,
363 1640 590 1716 adultarum
604 1637 847 1741 stipendium
862 1641 935 1735 est,
969 1645 1069 1722 adeo

47 1793 203 1856 utnon
223 1772 455 1878 percuffiffe,
491 1800 567 1876 pro
590 1771 740 1877 flagitio
762 1777 972 1868 habeatur,
1006 1777 1071 1854 stt·

1 2000 3 2004 ⁷
48 1937 128 2016 que
148 1912 205 1990 eis
223 1935 374 2014 poenae
394 1911 613 2011 virginitas.

427 2229 593 2307 CAP.
647 2229 693 2306 V.

266 2418 846 2476 801ΤΗῙΔ.’

128 2591 228 2672 Inde
264 2589 372 2668 Afire
410 2589 603 2684 confinia,
638 2589 712 2668 nist
748 2593 821 2670 ubi
853 2611 1103 2698 perpetum

13 2809 16 2814 ,
44 2729 201 2808 hiemes
220 2725 358 2804 sedent
377 2743 417 2804 et
434 2731 695 2807 intolerabilis
714 2730 834 2829 rigor.
892 2731 1069 2832 Scythici

45 2863 192 2968 populi
214 2833 417 2954 incolimt,
451 2859 536 2939 tere
562 2889 701 2940 omnes
723 2865 842 2938 etiam
865 2865 910 2939 in
939 2891 1069 2942 unum

44 3003 193 3100 Bergae
231 2995 427 3097 adpellati.
498 3001 546 3074 In
587 2997 755 3074 Afiatico
793 2999 912 3074 litore
947 3002 1069 3101 primi

1 3211 2 3216 ,
43 3131 319 3236 Hyperborei,
362 3129 480 3234 super
508 3133 751 3233 Aquilonem
786 3134 1069 3236 Rhipaeosque

44 3283 216 3357 montes,
237 3265 311 3342 tub
333 3263 419 3366 ipso
435 3265 607 3344 fidorum
630 3267 790 3344 cardine
810 3270 956 3346 iacent:
995 3269 1070 3345 ubi

43 3403 105 3484 [ol
118 3427 204 3479 non
227 3401 421 3500 quotidie,
447 3417 495 3478 ut
510 3403 639 3491 nobis,
661 3401 729 3477 sed
746 3405 923 3503 primum
939 3423 1068 3482 verno

44 3538 301 3639 aequinoctio
332 3551 513 3626 exortus,
552 3539 796 3614 auctumnali
817 3537 981 3615 demum
1003 3563 1071 3615 oc·

45 3673 168 3749 cidit:
205 3684 246 3744 et
265 3669 360 3746 ideo
383 3665 449 3746 sex
472 3670 673 3750 mentibus
695 3671 798 3761 dies,
838 3688 878 3748 et
900 3672 1070 3750 totidem

45 3807 133 3883 attts
151 3829 236 3883 nox
258 3825 387 3905 usque
405 3807 598 3883 continua
624 3804 690 3884 est.
749 3811 871 3884 Terra
895 3804 1104 3907 augustat„

46 3946 197 4044 aprica,
234 3963 307 4040 per
341 3937 382 4014 se
415 3937 569 4018 fertilis.
646 3941 831 4020 Cultores
867 3937 1069 4028 iustiffimi,

45 4091 85 4160 et
108 4075 283 4170 dianus,
318 4099 440 4180 quam
463 4075 541 4156 ulli
569 4075 821 4168 mortalium,
856 4090 896 4152 et
916 4071 1069 4152 beatius

663 4227 739 4307 (Η
