<?xml version="1.0" encoding="UTF-8"?>
<!DOCTYPE html PUBLIC "-//W3C//DTD XHTML 1.0 Transitional//EN"
    "http://www.w3.org/TR/xhtml1/DTD/xhtml1-transitional.dtd">
<html xmlns="http://www.w3.org/1999/xhtml" xml:lang="en" lang="en">
 <head>
  <title>
</title>
<meta http-equiv="Content-Type" content="text/html;charset=utf-8" />
  <meta name='ocr-system' content='tesseract 3.04.00' />
  <meta name='ocr-capabilities' content='ocr_page ocr_carea ocr_par ocr_line ocrx_word'/>
</head>
<body>
  <div class='ocr_page' id='page_1' title='image "./pomponiimelaede01melagoog_0093.png"; bbox 0 0 2856 4926; ppageno 0'>
   <div class='ocr_carea' id='block_1_1' title="bbox 503 393 1147 464">
    <p class='ocr_par' dir='ltr' id='par_1_1' title="bbox 503 393 1147 464">
     <span class='ocr_line' id='line_1_1' title="bbox 503 393 1147 464; baseline 0.019 -12"><span class='ocrx_word' id='word_1_1' title='bbox 503 393 602 453; x_wconf 69' lang='lat' dir='ltr'>cnr.</span> <span class='ocrx_word' id='word_1_2' title='bbox 641 394 746 455; x_wconf 76' lang='lat' dir='ltr'>Vm</span> <span class='ocrx_word' id='word_1_3' title='bbox 1018 415 1147 464; x_wconf 73' lang='lat' dir='ltr'>exxrx</span> 
     </span>
    </p>
   </div>
   <div class='ocr_carea' id='block_1_2' title="bbox 99 553 1150 778">
    <p class='ocr_par' dir='ltr' id='par_1_2' title="bbox 99 553 1150 778">
     <span class='ocr_line' id='line_1_2' title="bbox 100 553 1150 664; baseline 0.009 -32"><span class='ocrx_word' id='word_1_4' title='bbox 100 580 150 632; x_wconf 74' lang='lat' dir='ltr'>ex</span> <span class='ocrx_word' id='word_1_5' title='bbox 171 556 238 630; x_wconf 90' lang='lat' dir='ltr'>lib.</span> <span class='ocrx_word' id='word_1_6' title='bbox 258 559 369 646; x_wconf 84' lang='lat'>1,16.</span> <span class='ocrx_word' id='word_1_7' title='bbox 393 553 518 655; x_wconf 86' lang='lat' dir='ltr'>paffim</span> <span class='ocrx_word' id='word_1_8' title='bbox 542 577 578 630; x_wconf 88' lang='lat' dir='ltr'>et</span> <span class='ocrx_word' id='word_1_9' title='bbox 600 559 701 632; x_wconf 90' lang='lat' dir='ltr'>alibi.</span> <span class='ocrx_word' id='word_1_10' title='bbox 748 560 982 656; x_wconf 77' lang='lat' dir='ltr'>Perizonius,</span> <span class='ocrx_word' id='word_1_11' title='bbox 1016 565 1083 664; x_wconf 89' lang='lat' dir='ltr'>qui</span> <span class='ocrx_word' id='word_1_12' title='bbox 1107 590 1150 642; x_wconf 81' lang='lat' dir='ltr'>ea</span> 
     </span>
     <span class='ocr_line' id='line_1_3' title="bbox 99 678 884 778; baseline 0.003 -24"><span class='ocrx_word' id='word_1_13' title='bbox 99 683 215 754; x_wconf 84' lang='lat' dir='ltr'>etiam</span> <span class='ocrx_word' id='word_1_14' title='bbox 239 678 320 752; x_wconf 83' lang='lat' dir='ltr'>usus</span> <span class='ocrx_word' id='word_1_15' title='bbox 335 697 430 772; x_wconf 85' lang='lat' dir='ltr'>erat,</span> <span class='ocrx_word' id='word_1_16' title='bbox 456 679 616 778; x_wconf 83' lang='lat' dir='ltr'>adpellat</span> <span class='ocrx_word' id='word_1_17' title='bbox 632 683 884 758; x_wconf 87' lang='lat' dir='ltr'>Torinianam.</span> 
     </span>
    </p>
   </div>
   <div class='ocr_carea' id='block_1_3' title="bbox 273 948 982 1050">
    <p class='ocr_par' dir='ltr' id='par_1_3' title="bbox 273 948 982 1050">
     <span class='ocr_line' id='line_1_4' title="bbox 273 948 982 1050; baseline 0.008 -31"><span class='ocrx_word' id='word_1_18' title='bbox 273 972 332 1040; x_wconf 84' lang='lat'>17.</span> <span class='ocrx_word' id='word_1_19' title='bbox 392 948 774 1050; x_wconf 80' lang='lat' dir='ltr'>Wittembergae</span> <span class='ocrx_word' id='word_1_20' title='bbox 803 973 911 1048; x_wconf 83' lang='lat'><strong>¹6⁰9·</strong></span> <span class='ocrx_word' id='word_1_21' title='bbox 945 971 982 1048; x_wconf 73' lang='lat'>4.</span> 
     </span>
    </p>
   </div>
   <div class='ocr_carea' id='block_1_4' title="bbox 95 1131 1149 1358">
    <p class='ocr_par' dir='ltr' id='par_1_4' title="bbox 95 1131 1149 1358">
     <span class='ocr_line' id='line_1_5' title="bbox 177 1131 1149 1236; baseline 0.005 -33"><span class='ocrx_word' id='word_1_22' title='bbox 177 1132 328 1204; x_wconf 80' lang='lat' dir='ltr'>&#39;litulus</span> <span class='ocrx_word' id='word_1_23' title='bbox 349 1131 491 1207; x_wconf 75' lang='lat' dir='ltr'>nuduar</span> <span class='ocrx_word' id='word_1_24' title='bbox 518 1143 715 1224; x_wconf 78' lang='lat' dir='ltr'><em>Pomponius</em></span> <span class='ocrx_word' id='word_1_25' title='bbox 729 1142 830 1208; x_wconf 79' lang='lat' dir='ltr'>Mela.</span> <span class='ocrx_word' id='word_1_26' title='bbox 867 1134 997 1210; x_wconf 80' lang='lat' dir='ltr'>Aversa</span> <span class='ocrx_word' id='word_1_27' title='bbox 1016 1137 1149 1236; x_wconf 81' lang='lat' dir='ltr'>pagine</span> 
     </span>
     <span class='ocr_line' id='line_1_6' title="bbox 95 1250 1149 1358; baseline 0.01 -35"><span class='ocrx_word' id='word_1_28' title='bbox 95 1253 239 1350; x_wconf 84' lang='lat' dir='ltr'>legitur</span> <span class='ocrx_word' id='word_1_29' title='bbox 252 1250 400 1352; x_wconf 84' lang='lat' dir='ltr'>epistola</span> <span class='ocrx_word' id='word_1_30' title='bbox 408 1253 574 1356; x_wconf 78' lang='lat' dir='ltr'>Magistri</span> <span class='ocrx_word' id='word_1_31' title='bbox 588 1257 836 1330; x_wconf 87' lang='lat' dir='ltr'>Bartholnmei</span> <span class='ocrx_word' id='word_1_32' title='bbox 852 1259 953 1330; x_wconf 84' lang='lat' dir='ltr'>Steni</span> <span class='ocrx_word' id='word_1_33' title='bbox 967 1257 1149 1358; x_wconf 74' lang='lat' dir='ltr'>erigenti·</span> 
     </span>
    </p>
   </div>
   <div class='ocr_carea' id='block_1_5' title="bbox 1 1374 1153 3296">
    <p class='ocr_par' dir='ltr' id='par_1_5' title="bbox 1 1374 1153 3296">
     <span class='ocr_line' id='line_1_7' title="bbox 99 1374 1150 1478; baseline 0.01 -34"><span class='ocrx_word' id='word_1_34' title='bbox 99 1375 148 1444; x_wconf 85' lang='lat' dir='ltr'>ad</span> <span class='ocrx_word' id='word_1_35' title='bbox 170 1374 297 1448; x_wconf 86' lang='lat' dir='ltr'>clariss&#39;.</span> <span class='ocrx_word' id='word_1_36' title='bbox 321 1413 368 1428; x_wconf 89' lang='lat'>-</span> <span class='ocrx_word' id='word_1_37' title='bbox 394 1375 650 1452; x_wconf 79' lang='lat' dir='ltr'>reformatores</span> <span class='ocrx_word' id='word_1_38' title='bbox 674 1375 782 1454; x_wconf 87' lang='lat' dir='ltr'>studii</span> <span class='ocrx_word' id='word_1_39' title='bbox 804 1375 1150 1478; x_wconf 84' lang='lat' dir='ltr'>Wittenburgenfia,</span> 
     </span>
     <span class='ocr_line' id='line_1_8' title="bbox 98 1493 1150 1596; baseline 0.009 -30"><span class='ocrx_word' id='word_1_40' title='bbox 98 1493 190 1588; x_wconf 86' lang='lat' dir='ltr'>(fic)</span> <span class='ocrx_word' id='word_1_41' title='bbox 215 1497 255 1568; x_wconf 90' lang='lat' dir='ltr'>in</span> <span class='ocrx_word' id='word_1_42' title='bbox 278 1523 347 1593; x_wconf 90' lang='lat' dir='ltr'>qua</span> <span class='ocrx_word' id='word_1_43' title='bbox 371 1498 524 1596; x_wconf 81' lang='lat' dir='ltr'>exponit</span> <span class='ocrx_word' id='word_1_44' title='bbox 544 1498 736 1572; x_wconf 87' lang='lat' dir='ltr'>confilium</span> <span class='ocrx_word' id='word_1_45' title='bbox 759 1501 805 1572; x_wconf 87' lang='lat' dir='ltr'>de</span> <span class='ocrx_word' id='word_1_46' title='bbox 818 1503 939 1581; x_wconf 78' lang='lat' dir='ltr'>Melo,</span> <span class='ocrx_word' id='word_1_47' title='bbox 973 1501 1150 1575; x_wconf 86' lang='lat' dir='ltr'>auditori·</span> 
     </span>
     <span class='ocr_line' id='line_1_9' title="bbox 97 1603 1151 1720; baseline 0.009 -33"><span class='ocrx_word' id='word_1_48' title='bbox 97 1615 171 1688; x_wconf 85' lang='lat' dir='ltr'>bus</span> <span class='ocrx_word' id='word_1_49' title='bbox 186 1621 408 1716; x_wconf 86' lang='lat' dir='ltr'>explicando</span> <span class='ocrx_word' id='word_1_50' title='bbox 424 1621 580 1718; x_wconf 87' lang='lat' dir='ltr'>ideoque</span> <span class='ocrx_word' id='word_1_51' title='bbox 596 1647 696 1694; x_wconf 88' lang='lat' dir='ltr'>nuno</span> <span class='ocrx_word' id='word_1_52' title='bbox 714 1621 833 1704; x_wconf 73' lang='lat' dir='ltr'>editor</span> <span class='ocrx_word' id='word_1_53' title='bbox 866 1645 958 1719; x_wconf 87' lang='lat' dir='ltr'>quae</span> <span class='ocrx_word' id='word_1_54' title='bbox 979 1603 1053 1694; x_wconf 78' lang='lat' dir='ltr'>fere</span> <span class='ocrx_word' id='word_1_55' title='bbox 1068 1645 1151 1720; x_wconf 89' lang='lat' dir='ltr'>pro·</span> 
     </span>
     <span class='ocr_line' id='line_1_10' title="bbox 95 1739 1153 1840; baseline 0.009 -31"><span class='ocrx_word' id='word_1_56' title='bbox 95 1739 217 1810; x_wconf 83' lang='lat' dir='ltr'>lixius</span> <span class='ocrx_word' id='word_1_57' title='bbox 239 1759 453 1837; x_wconf 80' lang='lat' dir='ltr'>repetuntur</span> <span class='ocrx_word' id='word_1_58' title='bbox 473 1741 513 1814; x_wconf 91' lang='lat' dir='ltr'>in</span> <span class='ocrx_word' id='word_1_59' title='bbox 533 1745 778 1840; x_wconf 82' lang='lat' dir='ltr'>praelectione</span> <span class='ocrx_word' id='word_1_60' title='bbox 793 1743 834 1814; x_wconf 90' lang='lat' dir='ltr'>in</span> <span class='ocrx_word' id='word_1_61' title='bbox 849 1741 1021 1817; x_wconf 87' lang='lat' dir='ltr'>libellum</span> <span class='ocrx_word' id='word_1_62' title='bbox 1044 1749 1153 1818; x_wconf 81' lang='lat' dir='ltr'>Pom·</span> 
     </span>
     <span class='ocr_line' id='line_1_11' title="bbox 95 1859 1152 1964; baseline 0.009 -32"><span class='ocrx_word' id='word_1_63' title='bbox 95 1859 210 1956; x_wconf 88' lang='lat' dir='ltr'>ponii</span> <span class='ocrx_word' id='word_1_64' title='bbox 237 1867 358 1934; x_wconf 84' lang='lat' dir='ltr'>textui</span> <span class='ocrx_word' id='word_1_65' title='bbox 391 1861 500 1937; x_wconf 84' lang='lat' dir='ltr'>finito</span> <span class='ocrx_word' id='word_1_66' title='bbox 534 1865 692 1938; x_wconf 80' lang='lat' dir='ltr'>subnexa</span> <span class='ocrx_word' id='word_1_67' title='bbox 725 1881 866 1962; x_wconf 86' lang='lat' dir='ltr'>praeter</span> <span class='ocrx_word' id='word_1_68' title='bbox 904 1864 1152 1964; x_wconf 82' lang='lat' dir='ltr'>Geographiae</span> 
     </span>
     <span class='ocr_line' id='line_1_12' title="bbox 1 1981 1151 2086; baseline 0.007 -35"><span class='ocrx_word' id='word_1_69' title='bbox 1 2035 2 2060; x_wconf 56' lang='lat'><em>2</em></span> <span class='ocrx_word' id='word_1_70' title='bbox 96 1981 243 2054; x_wconf 77' lang='lat' dir='ltr'>lauder.</span> <span class='ocrx_word' id='word_1_71' title='bbox 293 1989 338 2056; x_wconf 89' lang='lat' dir='ltr'>ln</span> <span class='ocrx_word' id='word_1_72' title='bbox 362 1981 438 2057; x_wconf 87' lang='lat' dir='ltr'>fine</span> <span class='ocrx_word' id='word_1_73' title='bbox 461 1987 567 2058; x_wconf 72' lang='lat' dir='ltr'>haece</span> <span class='ocrx_word' id='word_1_74' title='bbox 605 1985 793 2086; x_wconf 69' lang='lat' dir='ltr'>Impraffum</span> <span class='ocrx_word' id='word_1_75' title='bbox 824 1989 1072 2078; x_wconf 75' lang='lat' dir='ltr'>Wr&#39;ttemburgr&#39;r&#39;</span> <span class='ocrx_word' id='word_1_76' title='bbox 1094 2015 1151 2078; x_wconf 81' lang='lat' dir='ltr'>per</span> 
     </span>
     <span class='ocr_line' id='line_1_13' title="bbox 97 2109 1150 2184; baseline 0.011 -12"><span class='ocrx_word' id='word_1_77' title='bbox 97 2111 259 2172; x_wconf 79' lang='lat' dir='ltr'>Ioannem</span> <span class='ocrx_word' id='word_1_78' title='bbox 290 2109 327 2174; x_wconf 85' lang='lat' dir='ltr'><em>V</em></span> <span class='ocrx_word' id='word_1_79' title='bbox 325 2111 587 2176; x_wconf 80' lang='lat' dir='ltr'>iridimontnnnm</span> <span class='ocrx_word' id='word_1_80' title='bbox 606 2113 718 2180; x_wconf 77' lang='lat' dir='ltr'>Anno</span> <span class='ocrx_word' id='word_1_81' title='bbox 743 2113 891 2180; x_wconf 82' lang='lat' dir='ltr'><strong>MDIX.</strong></span> <span class='ocrx_word' id='word_1_82' title='bbox 942 2115 1081 2184; x_wconf 67' lang='lat' dir='ltr'><strong>Tutus</strong></span> <span class='ocrx_word' id='word_1_83' title='bbox 1107 2109 1150 2184; x_wconf 73' lang='lat' dir='ltr'>in</span> 
     </span>
     <span class='ocr_line' id='line_1_14' title="bbox 1 2224 1151 2321; baseline 0.01 -26"><span class='ocrx_word' id='word_1_84' title='bbox 1 2275 2 2278; x_wconf 19' lang='grc' dir='ltr'><strong>κ</strong></span> <span class='ocrx_word' id='word_1_85' title='bbox 100 2224 282 2296; x_wconf 78' lang='lat' dir='ltr'>omnibus</span> <span class='ocrx_word' id='word_1_86' title='bbox 304 2227 412 2321; x_wconf 90' lang='lat' dir='ltr'>plane</span> <span class='ocrx_word' id='word_1_87' title='bbox 433 2227 543 2302; x_wconf 83' lang='lat' dir='ltr'>refert</span> <span class='ocrx_word' id='word_1_88' title='bbox 563 2227 767 2302; x_wconf 84' lang='lat' dir='ltr'>editionem</span> <span class='ocrx_word' id='word_1_89' title='bbox 789 2229 981 2302; x_wconf 89' lang='lat' dir='ltr'>Hermolai</span> <span class='ocrx_word' id='word_1_90' title='bbox 1002 2229 1151 2306; x_wconf 84' lang='lat' dir='ltr'>Barbati</span> 
     </span>
     <span class='ocr_line' id='line_1_15' title="bbox 98 2345 1150 2443; baseline 0.009 -26"><span class='ocrx_word' id='word_1_91' title='bbox 98 2364 209 2417; x_wconf 83' lang='lat' dir='ltr'>antea</span> <span class='ocrx_word' id='word_1_92' title='bbox 227 2345 455 2438; x_wconf 77' lang='lat' dir='ltr'>recensitam,</span> <span class='ocrx_word' id='word_1_93' title='bbox 481 2375 549 2423; x_wconf 90' lang='lat' dir='ltr'>nec</span> <span class='ocrx_word' id='word_1_94' title='bbox 565 2347 631 2422; x_wconf 83' lang='lat' dir='ltr'>nifi</span> <span class='ocrx_word' id='word_1_95' title='bbox 647 2349 820 2424; x_wconf 82' lang='lat' dir='ltr'>reriffime</span> <span class='ocrx_word' id='word_1_96' title='bbox 841 2350 886 2422; x_wconf 83' lang='lat' dir='ltr'>ab</span> <span class='ocrx_word' id='word_1_97' title='bbox 907 2351 972 2423; x_wconf 87' lang='lat' dir='ltr'>ilia</span> <span class='ocrx_word' id='word_1_98' title='bbox 988 2351 1150 2443; x_wconf 83' lang='lat' dir='ltr'>discedit,</span> 
     </span>
     <span class='ocr_line' id='line_1_16' title="bbox 98 2467 1150 2569; baseline 0.008 -31"><span class='ocrx_word' id='word_1_99' title='bbox 98 2487 136 2539; x_wconf 90' lang='lat' dir='ltr'>et</span> <span class='ocrx_word' id='word_1_100' title='bbox 158 2467 228 2539; x_wconf 90' lang='lat' dir='ltr'>ubi</span> <span class='ocrx_word' id='word_1_101' title='bbox 250 2469 365 2540; x_wconf 88' lang='lat' dir='ltr'>Stenii</span> <span class='ocrx_word' id='word_1_102' title='bbox 389 2493 543 2544; x_wconf 81' lang='lat' dir='ltr'>menum</span> <span class='ocrx_word' id='word_1_103' title='bbox 563 2491 732 2569; x_wconf 78' lang='lat' dir='ltr'>expertus</span> <span class='ocrx_word' id='word_1_104' title='bbox 753 2469 819 2544; x_wconf 82' lang='lat' dir='ltr'>elie</span> <span class='ocrx_word' id='word_1_105' title='bbox 839 2474 1004 2563; x_wconf 85' lang='lat' dir='ltr'>videtur,</span> <span class='ocrx_word' id='word_1_106' title='bbox 1036 2474 1093 2546; x_wconf 87' lang='lat' dir='ltr'>uti</span> <span class='ocrx_word' id='word_1_107' title='bbox 1117 2497 1150 2564; x_wconf 89' lang='lat'>1,</span> 
     </span>
     <span class='ocr_line' id='line_1_17' title="bbox 102 2591 1150 2693; baseline 0.007 -33"><span class='ocrx_word' id='word_1_108' title='bbox 102 2595 162 2678; x_wconf 87' lang='grc'>16,</span> <span class='ocrx_word' id='word_1_109' title='bbox 183 2613 218 2660; x_wconf 81' lang='lat'>2.</span> <span class='ocrx_word' id='word_1_110' title='bbox 238 2591 346 2661; x_wconf 87' lang='lat' dir='ltr'>habet</span> <span class='ocrx_word' id='word_1_111' title='bbox 360 2597 544 2676; x_wconf 72' lang='lat' dir='ltr'>Baeterrae,</span> <span class='ocrx_word' id='word_1_112' title='bbox 572 2605 601 2680; x_wconf 87' lang='lat'>§.</span> <span class='ocrx_word' id='word_1_113' title='bbox 622 2615 655 2682; x_wconf 84' lang='lat'>3.</span> <span class='ocrx_word' id='word_1_114' title='bbox 678 2597 777 2693; x_wconf 76' lang='lat' dir='ltr'>Iusto.</span> <span class='ocrx_word' id='word_1_115' title='bbox 818 2591 871 2665; x_wconf 86' lang='lat' dir='ltr'>Cf.</span> <span class='ocrx_word' id='word_1_116' title='bbox 892 2619 926 2682; x_wconf 76' lang='grc' dir='ltr'>Ω,</span> <span class='ocrx_word' id='word_1_117' title='bbox 944 2599 978 2682; x_wconf 88' lang='grc'>6,</span> <span class='ocrx_word' id='word_1_118' title='bbox 996 2616 1030 2681; x_wconf 83' lang='lat'>5.</span> <span class='ocrx_word' id='word_1_119' title='bbox 1059 2619 1093 2684; x_wconf 75' lang='grc' dir='ltr'>Ω,</span> <span class='ocrx_word' id='word_1_120' title='bbox 1115 2617 1150 2686; x_wconf 90' lang='lat'>7,</span> 
     </span>
     <span class='ocr_line' id='line_1_18' title="bbox 1 2710 1150 2814; baseline 0.003 -30"><span class='ocrx_word' id='word_1_121' title='bbox 1 2773 3 2796; x_wconf 79' lang='grc'><strong>,</strong></span> <span class='ocrx_word' id='word_1_122' title='bbox 102 2735 163 2784; x_wconf 83' lang='grc' dir='ltr'>ιι.</span> <span class='ocrx_word' id='word_1_123' title='bbox 192 2728 228 2782; x_wconf 89' lang='lat' dir='ltr'>et</span> <span class='ocrx_word' id='word_1_124' title='bbox 252 2710 351 2783; x_wconf 88' lang='lat' dir='ltr'>alibi.</span> <span class='ocrx_word' id='word_1_125' title='bbox 406 2715 626 2788; x_wconf 86' lang='lat' dir='ltr'>Interiorem</span> <span class='ocrx_word' id='word_1_126' title='bbox 655 2715 906 2814; x_wconf 83' lang='lat' dir='ltr'>cognitionem</span> <span class='ocrx_word' id='word_1_127' title='bbox 940 2715 1050 2788; x_wconf 80' lang='lat' dir='ltr'>huius</span> <span class='ocrx_word' id='word_1_128' title='bbox 1076 2715 1150 2788; x_wconf 85' lang='lat' dir='ltr'>edi·</span> 
     </span>
     <span class='ocr_line' id='line_1_19' title="bbox 97 2831 1150 2934; baseline 0 -28"><span class='ocrx_word' id='word_1_129' title='bbox 97 2833 221 2906; x_wconf 82' lang='lat' dir='ltr'>tionis</span> <span class='ocrx_word' id='word_1_130' title='bbox 239 2832 353 2906; x_wconf 87' lang='lat' dir='ltr'>debeo</span> <span class='ocrx_word' id='word_1_131' title='bbox 376 2831 510 2934; x_wconf 82' lang='lat' dir='ltr'>infigni</span> <span class='ocrx_word' id='word_1_132' title='bbox 531 2835 807 2910; x_wconf 81' lang='lat' dir='ltr'>benevolentiae</span> <span class='ocrx_word' id='word_1_133' title='bbox 824 2835 986 2922; x_wconf 81' lang='lat' dir='ltr'>Geialori,</span> <span class='ocrx_word' id='word_1_134' title='bbox 1016 2835 1150 2906; x_wconf 90' lang='lat' dir='ltr'>biblio·</span> 
     </span>
     <span class='ocr_line' id='line_1_20' title="bbox 98 2953 1150 3055; baseline 0.003 -28"><span class='ocrx_word' id='word_1_135' title='bbox 98 2957 231 3028; x_wconf 81' lang='lat' dir='ltr'>thecae</span> <span class='ocrx_word' id='word_1_136' title='bbox 248 2955 408 3027; x_wconf 82' lang='lat' dir='ltr'>Gotheni</span> <span class='ocrx_word' id='word_1_137' title='bbox 431 2956 619 3052; x_wconf 77' lang='lat' dir='ltr'>quondam</span> <span class='ocrx_word' id='word_1_138' title='bbox 639 2953 823 3055; x_wconf 87' lang='lat' dir='ltr'>praefecti,</span> <span class='ocrx_word' id='word_1_139' title='bbox 852 2953 972 3052; x_wconf 87' lang='lat' dir='ltr'>quiet</span> <span class='ocrx_word' id='word_1_140' title='bbox 994 2957 1150 3030; x_wconf 86' lang='lat' dir='ltr'>omnino</span> 
     </span>
     <span class='ocr_line' id='line_1_21' title="bbox 98 3072 1150 3176; baseline 0 -26"><span class='ocrx_word' id='word_1_141' title='bbox 98 3079 142 3150; x_wconf 88' lang='lat' dir='ltr'>in</span> <span class='ocrx_word' id='word_1_142' title='bbox 158 3077 285 3150; x_wconf 83' lang='lat' dir='ltr'>Melae</span> <span class='ocrx_word' id='word_1_143' title='bbox 302 3074 466 3150; x_wconf 81' lang='lat' dir='ltr'>subfidiis</span> <span class='ocrx_word' id='word_1_144' title='bbox 489 3078 750 3176; x_wconf 76' lang='lat' dir='ltr'>conquirendis</span> <span class='ocrx_word' id='word_1_145' title='bbox 772 3073 1060 3174; x_wconf 83' lang='lat' dir='ltr'>promtiffimom</span> <span class='ocrx_word' id='word_1_146' title='bbox 1080 3072 1150 3151; x_wconf 82' lang='lat' dir='ltr'>stu·</span> 
     </span>
     <span class='ocr_line' id='line_1_22' title="bbox 100 3195 630 3296; baseline 0 -23"><span class='ocrx_word' id='word_1_147' title='bbox 100 3199 213 3273; x_wconf 88' lang='lat' dir='ltr'>dium</span> <span class='ocrx_word' id='word_1_148' title='bbox 228 3216 265 3271; x_wconf 90' lang='lat' dir='ltr'>et</span> <span class='ocrx_word' id='word_1_149' title='bbox 281 3221 428 3296; x_wconf 84' lang='lat' dir='ltr'>operam</span> <span class='ocrx_word' id='word_1_150' title='bbox 444 3195 630 3296; x_wconf 82' lang='lat' dir='ltr'>praestitit.</span> 
     </span>
    </p>
   </div>
   <div class='ocr_carea' id='block_1_6' title="bbox 299 3489 963 3588">
    <p class='ocr_par' dir='ltr' id='par_1_6' title="bbox 299 3489 963 3588">
     <span class='ocr_line' id='line_1_23' title="bbox 299 3489 963 3588; baseline 0.006 -30"><span class='ocrx_word' id='word_1_151' title='bbox 299 3504 357 3573; x_wconf 77' lang='lat' dir='ltr'>aa.</span> <span class='ocrx_word' id='word_1_152' title='bbox 420 3489 764 3588; x_wconf 81' lang='lat' dir='ltr'>Norimbergae</span> <span class='ocrx_word' id='word_1_153' title='bbox 791 3505 900 3574; x_wconf 75' lang='lat'><strong>16¹2·</strong></span> <span class='ocrx_word' id='word_1_154' title='bbox 926 3503 963 3581; x_wconf 73' lang='lat'>4.</span> 
     </span>
    </p>
   </div>
   <div class='ocr_carea' id='block_1_7' title="bbox 101 3663 1149 4133">
    <p class='ocr_par' dir='ltr' id='par_1_7' title="bbox 101 3663 1149 4133">
     <span class='ocr_line' id='line_1_24' title="bbox 184 3663 1148 3767; baseline 0.002 -30"><span class='ocrx_word' id='word_1_155' title='bbox 184 3663 441 3766; x_wconf 74' lang='lat' dir='ltr'>cosmographia</span> <span class='ocrx_word' id='word_1_156' title='bbox 464 3675 504 3743; x_wconf 89' lang='lat' dir='ltr'>P.</span> <span class='ocrx_word' id='word_1_157' title='bbox 524 3673 578 3741; x_wconf 93' lang='grc' dir='ltr'>Μ.</span> <span class='ocrx_word' id='word_1_158' title='bbox 601 3676 746 3740; x_wconf 70' lang='lat' dir='ltr'>authoris</span> <span class='ocrx_word' id='word_1_159' title='bbox 775 3667 951 3767; x_wconf 78' lang='lat' dir='ltr'>nitidaffimi</span> <span class='ocrx_word' id='word_1_160' title='bbox 973 3709 1022 3724; x_wconf 93' lang='lat'><em>-</em></span> <span class='ocrx_word' id='word_1_161' title='bbox 1044 3693 1148 3758; x_wconf 77' lang='lat' dir='ltr'>pam</span> 
     </span>
     <span class='ocr_line' id='line_1_25' title="bbox 102 3787 1149 3881; baseline 0.005 -25"><span class='ocrx_word' id='word_1_162' title='bbox 102 3795 247 3881; x_wconf 80' lang='lat' dir='ltr'>quodam</span> <span class='ocrx_word' id='word_1_163' title='bbox 279 3797 463 3879; x_wconf 81' lang='lat' dir='ltr'>compendio</span> <span class='ocrx_word' id='word_1_164' title='bbox 496 3801 634 3861; x_wconf 67' lang='lat' dir='ltr'>Iouernis</span> <span class='ocrx_word' id='word_1_165' title='bbox 664 3797 770 3863; x_wconf 79' lang='lat' dir='ltr'>Oeclei</span> <span class='ocrx_word' id='word_1_166' title='bbox 800 3797 953 3860; x_wconf 76' lang='lat' dir='ltr'>adaucta.</span> <span class='ocrx_word' id='word_1_167' title='bbox 1017 3787 1149 3861; x_wconf 70' lang='lat' dir='ltr'>Aversa</span> 
     </span>
     <span class='ocr_line' id='line_1_26' title="bbox 101 3907 1149 4011; baseline -0.001 -28"><span class='ocrx_word' id='word_1_168' title='bbox 101 3911 239 4010; x_wconf 83' lang='lat' dir='ltr'>pagina</span> <span class='ocrx_word' id='word_1_169' title='bbox 264 3911 402 4008; x_wconf 85' lang='lat' dir='ltr'>legitur</span> <span class='ocrx_word' id='word_1_170' title='bbox 424 3909 573 4011; x_wconf 87' lang='lat' dir='ltr'>epistola</span> <span class='ocrx_word' id='word_1_171' title='bbox 598 3913 719 3986; x_wconf 88' lang='lat' dir='ltr'>Coclei</span> <span class='ocrx_word' id='word_1_172' title='bbox 743 3912 789 3984; x_wconf 92' lang='lat' dir='ltr'>ad</span> <span class='ocrx_word' id='word_1_173' title='bbox 813 3909 1020 3983; x_wconf 78' lang='lat' dir='ltr'>Antonium</span> <span class='ocrx_word' id='word_1_174' title='bbox 1046 3907 1149 3982; x_wconf 83' lang='lat' dir='ltr'>Kresr</span> 
     </span>
     <span class='ocr_line' id='line_1_27' title="bbox 101 4027 1148 4133; baseline 0 -27"><span class='ocrx_word' id='word_1_175' title='bbox 101 4039 133 4108; x_wconf 91' lang='lat'>1.</span> <span class='ocrx_word' id='word_1_176' title='bbox 153 4041 198 4108; x_wconf 86' lang='lat' dir='ltr'>V.</span> <span class='ocrx_word' id='word_1_177' title='bbox 218 4037 266 4106; x_wconf 89' lang='lat' dir='ltr'>D.</span> <span class='ocrx_word' id='word_1_178' title='bbox 291 4066 341 4086; x_wconf 90' lang='lat'><em>-</em></span> <span class='ocrx_word' id='word_1_179' title='bbox 381 4034 629 4108; x_wconf 85' lang='lat' dir='ltr'>Laurentiano</span> <span class='ocrx_word' id='word_1_180' title='bbox 661 4031 802 4110; x_wconf 85' lang='lat' dir='ltr'>eccleiie</span> <span class='ocrx_word' id='word_1_181' title='bbox 833 4027 1074 4133; x_wconf 83' lang='lat' dir='ltr'>prepofitum,</span> <span class='ocrx_word' id='word_1_182' title='bbox 1106 4029 1148 4106; x_wconf 86' lang='lat' dir='ltr'>in</span> 
     </span>
    </p>
   </div>
   <div class='ocr_carea' id='block_1_8' title="bbox 0 0 1436 4926">
    <p class='ocr_par' dir='ltr' id='par_1_8' title="bbox 0 0 1436 4926">
     <span class='ocr_line' id='line_1_28' title="bbox 0 0 1436 4926; baseline 0 0"><span class='ocrx_word' id='word_1_183' title='bbox 0 0 1436 4926; x_wconf 95' lang='lat' dir='ltr'> </span> 
     </span>
    </p>
   </div>
  </div>
 </body>
</html>
