2868 4930
310 394 434 444 cxxtv
563 377 626 436 DE
666 375 936 436 ΡΟΜΡΟΝΙΟ
981 375 1115 437 MELA

308 546 504 632 refertum,
537 542 664 640 quiet
690 542 869 615 rationem
895 542 1147 616 mutationum
1174 543 1340 636 redderet,

309 687 347 754 qt
371 667 492 742 Melae
518 666 765 738 narrationem
794 659 1019 752 inlustraret,
1058 664 1224 764 adspersis
1251 666 1342 762 saepe

308 788 621 886 disputationibus
647 787 693 858 de
723 784 883 856 aliorum
915 801 1104 860 auctorum
1133 787 1342 884 integritate,

306 910 467 985 lectione
483 925 522 981 et
535 907 647 981 sensu.
699 907 821 978 Multa
839 924 959 979 tamen
983 907 1093 980 etiam
1109 909 1216 980 tacite
1230 934 1343 979 emen·

308 1031 430 1119 davit,
455 1047 519 1102 aut
537 1029 715 1115 mutavit,
741 1024 842 1124 quod
865 1028 1013 1124 quidem
1036 1031 1075 1102 in
1098 1031 1251 1103 minutis
1271 1047 1342 1101 tan·

306 1169 390 1224 tum
404 1148 618 1222 auctoritate
631 1150 829 1220 meliorum
837 1148 1021 1223 librorum
1034 1151 1121 1225 ideo
1134 1177 1152 1223 a
1167 1151 1200 1223 se
1213 1149 1343 1222 factum

307 1270 374 1366 elie
388 1269 550 1360 excusat,
576 1293 625 1342 ne
639 1265 825 1342 fastidium
844 1269 1025 1344 excitaret.
1079 1271 1136 1345 cf.
1149 1273 1194 1344 ad
1211 1297 1243 1360 a,
1262 1297 1294 1361 3,
1309 1295 1339 1344 a.

307 1409 385 1468 not.
404 1413 438 1480 a.
475 1414 507 1480 ι,
533 1411 567 1480 3,
588 1409 621 1477 5.
643 1417 680 1462 n.
702 1413 759 1462 11.
795 1390 859 1461 ubi
881 1389 1039 1465 modeste
1062 1393 1154 1466 adro
1178 1395 1223 1467 de
1248 1395 1342 1468 notis

305 1513 378 1588 suis
397 1511 574 1608 loquitur.
627 1517 677 1584 At
696 1535 827 1608 graves
845 1514 928 1584 lites
943 1512 1063 1586 movit
1084 1515 1149 1586 ille
1166 1540 1342 1588 commen·

306 1635 420 1710 tarius
446 1651 484 1704 et
505 1631 658 1706 acriores
681 1631 782 1704 dedit
803 1634 938 1706 turbas.
991 1641 1135 1732 Nempe
1163 1652 1342 1709 notaverat

304 1755 432 1854 paffim
466 1754 628 1827 acerbius
656 1751 834 1849 subpreffo
867 1753 1017 1847 quidem
1051 1756 1222 1846 numine,
1257 1779 1342 1852 quaa

304 1875 497 1950 Salmafius
529 1876 576 1946 ad
601 1875 773 1946 solinum
800 1874 1030 1964 disseruerat,
1071 1878 1162 1950 odio
1195 1879 1234 1950 iu
1262 1901 1341 1950 eum

304 2015 427 2086 actus,
453 1996 499 2068 de
514 1995 620 2069 cuius
636 1995 738 2066 causa
754 1993 799 2066 cf.
814 1996 1033 2092 Menagiana
1057 2021 1092 2092 p.
1111 2019 1197 2085 350.
1220 2015 1255 2070 et
1272 1998 1341 2094 epi·

303 2115 394 2190 fiola
416 2114 459 2189 ls.
483 2109 594 2190 voffii
615 2115 660 2185 ad
680 2115 892 2189 salmasium
914 2115 1039 2210 scripta
1063 2114 1142 2210 post
1165 2119 1339 2192 Gudianus

304 2263 384 2337 pag.
403 2259 474 2327 353
490 2229 538 2334 sq.
591 2235 666 2310 Etii
688 2237 790 2308 enim
812 2237 1023 2334 disputandi
1052 2239 1154 2310 causa
1178 2239 1286 2312 deeffe
1309 2241 1341 2311 ei

304 2385 382 2434 non
404 2358 530 2458 pettit,
565 2358 629 2455 qui
649 2356 794 2430 adtente
810 2357 1031 2430 immensum
1051 2360 1147 2430 illud
1166 2359 1340 2433 Salmafia·

303 2506 372 2558 nae
394 2480 579 2554 doctrinae
597 2503 689 2574 opus
707 2477 902 2567 excusserit,
926 2503 991 2550 nec
1006 2477 1078 2550 line
1094 2479 1227 2554 idonea
1246 2481 1339 2554 causa

303 2597 445 2675 Vossius
468 2601 569 2702 saepe
590 2599 844 2698 reprehendat,
878 2598 979 2672 utin
1002 2601 1045 2691 ¹⁹)
1060 2599 1177 2676 literis
1197 2605 1242 2674 ad
1260 2603 1341 2676 vos·

303 2719 397 2796 fiunt
417 2721 551 2794 fatetur
571 2727 666 2794 Sam.
692 2723 908 2807 Bochartus;
942 2718 1068 2815 passim
1090 2740 1212 2797 tamen
1234 2727 1338 2798 etiam

302 2862 448 2936 temere,
479 2871 547 2917 nec
572 2841 760 2915 bonafide
784 2843 861 2940 agit
885 2839 1045 2930 Voffius,
1085 2847 1186 2939 quod
1209 2846 1340 2918 iudicat

303 2966 414 3037 etiam
438 2963 651 3038 Perizonius
678 2962 725 3035 ad
747 2963 885 3035 Aelian.
904 2967 947 3032 V.
965 2969 1012 3034 H.
1033 2987 1067 3053 3,
1094 2987 1153 3058 39.
1204 2975 1253 3040 At
1272 2972 1337 3038 Iac.

304 3084 524 3172 Gronovius,
547 3083 611 3179 qui
633 3082 787 3154 minime
806 3080 997 3156 ferendum
1018 3104 1173 3181 putaret,
1200 3087 1338 3159 easSal·

303 3203 462 3278 mairano
492 3202 639 3278 nomini
667 3205 830 3275 maculas
859 3205 974 3294 inuri,
1010 3206 1166 3279 iuvenili
1200 3205 1337 3280 fervore

303 3327 472 3421 abreptus
488 3325 681 3399 acerrimus
703 3324 841 3396 vindex
862 3343 987 3398 contra
1003 3323 1164 3399 Voffium
1179 3327 1336 3403 surrexit.

303 3453 395 3520 Cum
414 3449 513 3519 enim
534 3443 652 3546 postea
668 3445 741 3544 ipse
757 3447 897 3517 Melam
911 3447 1049 3536 ederet,
1081 3449 1200 3520 multa
1218 3449 1337 3521 acerbo

302 3569 343 3642 in
360 3566 535 3658 Voffium,
560 3593 670 3664 quem
686 3584 777 3638 tecte
797 3573 870 3636 Viri
884 3573 972 3636 doctr·
990 3567 1141 3640 nomine
1157 3568 1336 3663 producit,

252 3777 255 3786 .
302 3693 343 3764 in
363 3689 644 3789 primoquidem
662 3687 834 3776 editione,
857 3671 1023 3759 effundit.
1056 3687 1199 3784 Quibus
1219 3688 1337 3788 cogni·

301 3812 371 3931 tis,
394 3827 495 3884 mota
512 3812 585 3882 bile
600 3808 826 3906 exasperatus
847 3807 985 3882 Vossius
999 3804 1236 3912 aestuansque
1256 3833 1353 3886 oon-f

348 4061 401 4134 ις)
429 4056 498 4122 vid
516 4055 672 4116 Colomeiii
693 4053 766 4114 bibl.
787 4055 887 4111 selecta
904 4075 935 4132 Ρ.
955 4071 1011 4126 172
1028 4057 1068 4136 iq.
