2856 4926
342 434 387 486 ιγ
593 411 657 470 DE
698 407 971 476 Pomponio
1014 413 1151 472 mutu

348 585 424 660 cito
443 575 612 679 produci,
636 575 697 650 sed
712 584 858 660 Melam,
885 601 978 678 quoe
996 576 1116 654 forme
1138 577 1201 656 etii
1220 581 1331 656 etiam
1348 583 1385 658 in

347 705 473 806 priscis
495 699 601 778 libris
620 698 667 772 de
681 694 815 774 Nostro
830 701 1047 796 reperiatur,
1070 701 1249 778 scribendi
1269 705 1385 801 potitu

349 825 489 902 vitium
515 821 685 915 videtur,
723 823 785 896 vel
814 821 916 919 quod
948 823 1119 896 Mellaria
1150 841 1278 899 ortum
1307 851 1387 900 enm

349 951 395 1045 ιο)
416 944 615 1021 crederent.

428 1182 681 1266 oraviffimam
706 1210 795 1262 vero
823 1182 1096 1264 dubitationem
1117 1188 1274 1264 obiicere
1295 1189 1390 1263 vide·

352 1315 415 1390 tur'
435 1334 576 1386 nomen
600 1308 819 1408 Pomponii,
855 1308 984 1386 omillo
1012 1312 1164 1384 Annaei.
1223 1312 1390 1400 sienim,

352 1433 456 1536 quod
481 1434 527 1505 de
549 1430 715 1508 maximo
737 1447 830 1504 natu
849 1429 961 1506 fratre
985 1430 1138 1530 legitur,
1172 1450 1210 1506 et
1230 1433 1293 1505 hio
1311 1431 1392 1506 ado·

351 1553 493 1656 ptionie
520 1553 607 1626 iure
627 1551 668 1624 in
693 1553 805 1624 aliem
834 1569 1002 1653 gentem,
1032 1556 1297 1652 Pomponiam,
1330 1553 1394 1626 mi·

349 1676 490 1780 gravit,
532 1674 614 1748 eius
649 1690 774 1748 tamen
802 1673 946 1774 legibue
977 1692 1016 1748 et
1045 1673 1224 1750 institutis
1255 1675 1395 1749 Annaei

352 1817 450 1876 certe
470 1819 610 1870 nomen
632 1819 711 1870 non
733 1793 906 1888 obiicere,
944 1795 1004 1870 led
1026 1822 1145 1871 novae
1159 1795 1324 1870 familiae
1343 1799 1397 1872 in·

352 1921 447 1997 ferre
477 1916 644 1992 debebat
696 1913 806 2015 Q‘uod
832 1915 972 1990 factum
997 1917 1064 1992 ello
1096 1945 1183 1992 cum
1212 1943 1397 2017 nusquam

351 2040 575 2138 reperiatur,
611 2055 649 2110 et
682 2033 830 2113 historie
872 2041 982 2137 pinne
1016 2043 1111 2114 hano
1146 2041 1398 2114 coniecturum

352 2159 539 2248 dedirunt,
561 2157 622 2233 sed
636 2161 776 2234 Mellae
788 2184 927 2234 nomen
941 2162 983 2234 in
999 2162 1108 2236 bonis
1123 2163 1227 2234 libris
1242 2161 1400 2236 obvium

352 2278 525 2358 eNostro
540 2283 645 2359 Mela
660 2281 786 2382 potius
806 2300 953 2374 evocet,
975 2307 1067 2384 vege
1081 2284 1147 2358 illa
1160 2282 1244 2376 effe,
1273 2283 1398 2382 quivit

351 2401 547 2502 intelliget.

398 2760 453 2832 ro)
472 2757 545 2818 Non
568 2757 646 2814 enim
668 2755 762 2814 solnm
783 2759 851 2837 plu·
900 2757 1082 2838 Freoulphue
1106 2761 1281 2820 chronicon
1308 2763 1346 2822 Τ.
1374 2786 1402 2824 r.

351 2845 423 2905 rimi
438 2843 568 2907 oodieer,
597 2841 644 2898 ied
661 2859 690 2899 er
707 2843 851 2903 editiones
900 2845 953 2902 lib.
966 2861 993 2902 2.
1009 2864 1069 2922 cap.
1082 2845 1130 2902 16.
1149 2847 1204 2902 ubi
1219 2846 1318 2903 locum
1336 2850 1402 2906 eius

352 2945 418 2988 ente
453 2928 522 2984 raee.
549 2936 595 2994 ¹⁵·
632 2943 662 2983 et
690 2927 780 2984 initio
801 2928 849 2985 26.
901 2949 937 2984 ex
951 2927 1003 2986 lib.
1022 2942 1052 2996 5.
1069 2929 1098 2992 6,
1116 2943 1144 2997 7.
1162 2930 1198 2986 de
1216 2934 1400 3006 Scrnzessio)

350 3012 521 3090 praeierunt
533 3009 641 3075 Melta,
664 3012 850 3069 erficPtole·
899 3013 982 3077 filit.
1013 3028 1041 3069 et
1062 3013 1097 3068 de
1119 3025 1160 3082 30
1178 3015 1347 3073 Oreedibne
1365 3037 1405 3074 ex

351 3114 451 3153 metue
467 3095 578 3149 Romae
599 3103 688 3163 ¹508·
705 3095 725 3151 f.
750 3097 783 3150 in
798 3115 849 3152 cu·
898 3097 1035 3173 proxime
1049 3099 1403 3158 nrmtionedclrolieiiee

352 3183 399 3238 iue
422 3176 553 3234 editione
574 3175 668 3232 multa
691 3197 728 3234 ex
740 3179 848 3236 Nostro
898 3181 1241 3246 Iuvenalieedn,1lio.
1286 3185 1406 3242 Melam

351 3275 534 3341 repetuntur,
557 3260 678 3317 exhibet
687 3263 794 3326 Mella,
816 3280 850 3320 ut
900 3266 987 3320 etiem
1010 3268 1047 3320 lio
1072 3267 1196 3341 agnovit
1219 3269 1405 3328 Hermolaus

351 3345 506 3406 Boeoetiue
517 3344 552 3401 de
570 3345 749 3422 genealogiis
758 3365 787 3422 9,
798 3359 847 3416 33.
897 3349 1041 3427 Barbarus
1071 3365 1101 3405 et
1126 3351 1190 3427 post
1217 3353 1406 3414 recentiores

357 3451 406 3498 ro,
433 3445 480 3486 ια.
501 3445 530 3484 et
551 3427 668 3505 polim,
692 3435 740 3486 etsi
762 3432 850 3488 etiam
900 3451 1002 3489 omnes
1036 3433 1126 3490 ieouti
1153 3434 1285 3491 Plinium
1313 3437 1406 3514 iupre

353 3513 432 3574 Mela
447 3511 565 3587 legitur.
594 3513 710 3590 Nempe
728 3513 785 3570 eil
800 3537 849 3590 ge·
899 3517 1030 3574 indicato
1052 3517 1119 3574 loeo
1143 3539 1172 3573 n.
1190 3539 1216 3575 r.
1261 3521 1354 3595 Quod
1383 3528 1406 3581 sr

351 3599 464 3656 minare
484 3595 576 3653 lolem
590 3595 706 3654 librarii
726 3599 758 3654 in
773 3599 849 3655 mul·
899 3621 972 3657 vero
986 3621 1003 3656 ι
1018 3601 1151 3658 Mellaria
1168 3601 1267 3679 petrie'
1286 3626 1406 3666 nomen

352 3685 391 3742 tit
425 3680 614 3746 nominibue,
645 3697 679 3738 ut
706 3683 849 3760 exemplis
900 3686 1018 3742 fortitus
1039 3685 1122 3750 erret,
1150 3707 1211 3742 non
1233 3688 1324 3744 Mella
1350 3694 1406 3748 ad·

352 3765 490 3843 edpolitis
525 3765 613 3820 docet
647 3767 847 3842 Cannegierer.
898 3769 1051 3846 pellendus
1069 3787 1145 3835 eret,
1168 3773 1407 3841 sedMellarius,

352 3852 390 3908 ed
402 3847 512 3906 Avieni
529 3847 585 3904 lab.
604 3869 652 3915 ro,
665 3868 692 3924 9.
707 3872 736 3926 p.
746 3872 785 3909 ru.
798 3853 847 3920 76.
899 3870 935 3910 ut
953 3869 1031 3910 recte
1051 3873 1154 3911 rnonet
1171 3873 1286 3931 praeter
1309 3858 1405 3926 alios,

351 3936 467 3993 Melam
483 3949 578 3988 temen
594 3930 649 3989 heo
669 3936 763 3990 forme
778 3955 847 4012 pro·
899 3938 1084 4012 grunmrrice
1105 3939 1169 4016 lege
1191 3941 1314 4005 ductus,
1337 3945 1408 4002 Vn·

350 4019 484 4076 tulerunt
504 4016 577 4072 olim
593 4019 679 4074 etiam
696 4019 763 4084 alii,
794 4021 849 4096 qui
898 4022 1010 4086 dianus,
1036 4023 1181 4099 quidquid
1204 4041 1305 4084 contre
1330 4047 1409 4086 mo·

351 4104 415 4164 eiut
429 4100 609 4162 mentionem
624 4101 798 4174 iniecerunt,
815 4119 848 4164 ut
896 4103 987 4165 littur
1001 4107 1177 4172 Nunnefiue.
