2856 4926
532 395 630 454 Gdl’.
670 396 752 456 vn.
1093 415 1165 462 ux

123 561 437 651 membranaceus,
469 562 641 636 omnium
673 557 960 659 antiquillimna,
999 581 1165 640 natatus

122 687 169 758 ed
186 685 301 758 finem
322 683 406 758 saec
428 703 485 776 14.
512 684 704 758 literarum
729 683 903 758 ductibus
933 685 1188 784 compendia··

124 808 187 881 riis
208 825 245 880 et
264 807 466 902 impeditis.
515 807 663 880 Tertius
680 823 792 900 4333.
812 806 854 880 in
875 805 1088 885 membrano
1111 807 1186 894 nir

125 929 197 1002 tide
225 948 261 1000 et
292 930 498 1002 luculenter
528 926 691 1025 scriptus,
725 928 844 1002 literis
870 952 960 1002 euro
986 945 1023 1002 et
1047 929 1167 1003 minio

123 1052 231 1150 pictis
250 1050 438 1146 splendide
460 1069 624 1123 ornatus.
667 1051 813 1124 Conlati
832 1031 936 1126 erent
955 1051 997 1124 hi
1016 1069 1089 1128 tree
1108 1075 1168 1126 co·

124 1173 224 1247 dicee
245 1173 291 1244 ad
313 1173 517 1247 editionem
540 1169 663 1245 vomi.

196 1313 418 1392 Havnienlis
435 1316 480 1388 ad
501 1313 705 1389 editionem
719 1321 848 1388 Venet.
868 1331 978 1408 1473.

198 1457 434 1533 Zaluscianus
455 1457 501 1530 nd
519 1458 575 1530 ed.
592 1454 703 1530 Voffii
725 1457 867 1553 parcius
887 1457 1068 1534 conlatus.

195 1596 489 1699 Augustinorum
527 1601 644 1673 codex
678 1605 820 1671 Romae
857 1597 1037 1690 servatus,
1076 1600 1171 1678 olim

123 1718 312 1812 Pallionei,
328 1747 348 1794 a
365 1723 538 1836 Teolrcro,
555 1719 846 1810 bibliothecario,
862 1716 987 1818 pallrm
1003 1723 1170 1800 conlatus

122 1843 162 1916 in
181 1843 276 1916 locis
297 1841 579 1916 difficilioribus.

200 1991 365 2057 Venetus
386 1984 432 2058 ad
454 1983 508 2056 ed.
525 1991 652 2058 Venet.
675 2001 783 2076 1431.

206 2123 498 2201 vindobonensis
519 2126 565 2199 ad
583 2127 639 2199 ed.
663 2132 825 2199 Gronov.
844 2141 953 2219 1743.

199 2278 402 2368 Accedunt,
431 2303 525 2376 quoe
540 2279 585 2351 ad
606 2278 759 2350 eandem
777 2277 978 2354 editionem
994 2279 1066 2378 ipse
1086 2305 1175 2356 oon·

125 2405 296 2492 tuleram,
318 2397 520 2499 Lipfienfir,
544 2401 746 2488 Gudianus,
767 2404 861 2498 (quo
877 2403 1071 2476 antoniam
1088 2401 1173 2478 ulna

11 2539 12 2588 l
124 2543 204 2598 erat
230 2529 259 2596 1.
281 2522 503 2611 Gronovius,
536 2522 765 2595 Abrahamus
789 2519 916 2618 pallirn
940 2524 1176 2598 minuerem

11 2633 12 2666 ;
122 2645 356 2739 reddiderat)
381 2642 683 2740 Rhedigerienus,
716 2641 945 2736 cibiniensis,
974 2643 1175 2746 Pregmfia,

123 2769 171 2842 de
193 2766 331 2866 quibus
352 2763 563 2865 lingulatim
584 2783 689 2840 antea
709 2765 799 2838 dixi.

201 2937 388 3005 Praeterea
401 2929 484 3003 usus
499 2929 579 3003 sum
593 2929 757 3002 editione
766 2929 978 3002 Florentino
993 2933 1174 3017 11113111

121 3055 164 3128 in
183 3054 292 3127 cuius
310 3053 475 3152 margine
489 3053 667 3126 lectiones
684 3078 730 3125 ex
747 3071 769 3139 5
788 3051 976 3126 codicibus
989 3053 1175 3130 vaticanis

11 3155 12 3164 ἶ
122 3195 232 3255 erant
253 3175 469 3272 adscriptam

201 3330 377 3406 Editione
397 3333 427 3402 Ι.
448 3327 627 3402 Gronovii
648 3353 705 3402 an.
725 3330 834 3414 1633.
855 3346 889 3414 3.
918 3327 1024 3402 cuiue
1047 3351 1174 3430 mergo
1305 3368 1313 3381 ·

123 3451 267 3528 ferebat
281 3452 417 3524 multas
435 3451 612 3525 lectiones
626 3475 672 3523 ex
690 3447 814 3524 codice
829 3448 1052 3522 Bononiensr
1072 3470 1177 3526 nota·

123 3594 196 3650 111.
228 3581 330 3648 Η111
344 3570 497 3645 subsidia
512 3597 558 3644 ex
573 3571 794 3646 bibliotheca
804 3571 991 3648 Senatorio
1002 3567 1177 3669 Liplienli
1259 3606 1262 3612 ·

124 3697 173 3772 ad
196 3722 258 3770 me
279 3675 467 3768 venerant.

205 3847 432 3922 Bibliotheca
474 3841 729 3921 Univerlitatis
771 3842 989 3922 Havnienl'u
1020 3843 1177 3943 possidet

125 3970 319 4066 exemplar
352 3970 526 4042 editionis
559 3964 748 4048 Vollianae
782 3993 841 4042 an.
878 3965 987 4057 1633.
1027 3969 1069 4043 in
1100 3993 1178 4066 quo

124 4099 154 4166 1.
178 4090 263 4166 Alb.
289 4091 474 4168 Fabricius
495 4107 686 4198 notaverat
704 4089 880 4166 lectiones
898 4116 944 4166 ex
959 4090 1177 4212 Florentino
