2816 4920
177 393 237 450 nr
273 393 386 450 arro
426 392 573 452 onata
608 388 701 450 arn
730 394 771 452 rr.
811 394 923 454 cnr.
1023 405 1067 472 ω

65 564 216 652 Sunium
239 563 566 668 promontorium
592 559 668 654 est,
705 558 875 664 finitque
898 563 943 640 id
965 564 1065 643 litua

64 699 249 789 Hellados,
283 697 403 802 qnod
431 696 577 802 spectat
610 701 815 776 orientern
885 698 984 776 Inde
1013 699 1098 790 ad7

4 841 6 882 ¹
64 833 254 911 meridiem
287 849 390 912 terra
417 835 667 912 convertitur
694 860 821 935 neque
845 833 897 910 ad
927 839 1067 936 Mega·

4 971 5 974 ’
62 991 144 1058 ram,
170 971 330 1060 Atticae,
354 983 403 1046 ut
418 969 544 1047 modo
562 970 695 1058 latere,
721 970 779 1046 ita
801 995 912 1046 nnnc
931 967 1066 1048 fronte

62 1104 185 1208 pelago
209 1104 400 1182 adiacens.
466 1105 526 1180 lbi
551 1101 607 1180 est
635 1105 818 1182 Piraeeus
847 1106 1068 1182 Athenien·

63 1236 149 1316 lium
171 1256 331 1344 portus:
377 1241 555 1318 Scironia
581 1236 685 1330 saxa,
720 1237 837 1318 saevo
861 1229 1068 1344 quondam

63 1373 416 1478 Scironisholpitio
437 1377 555 1452 etiam
571 1401 681 1451 nnnc
697 1373 872 1452 infamia.
930 1381 1069 1478 Mega·

61 1508 217 1588 renfium
263 1525 410 1588 tractus
453 1507 633 1588 Isthmon
681 1511 855 1612 attingit,
894 1510 1068 1608 (Diolco

4 1629 5 1632 ¹
61 1669 269 1747 cognomen
297 1644 377 1748 est)
420 1647 493 1747 qui
527 1661 704 1746 quatuor
746 1647 909 1722 milium
943 1641 1068 1745 spatio

16 1799 18 1802 ·
62 1781 245 1881 Aegaeum
273 1805 383 1858 mare
407 1778 456 1857 ab
484 1781 601 1858 Ionio
621 1778 875 1872 submovens,
902 1776 1068 1881 angusto

62 1919 200 1994 tnmite
214 1916 379 1996 Helladi
399 1912 703 2018 Peloponneson
720 1915 904 1992 adnectit.
949 1919 997 1992 In
1019 1939 1070 1992 eo

61 2047 107 2125 cll
144 2050 341 2154 oppidum
386 2051 634 2130 Cenchreae:
690 2048 832 2130 fanum
871 2051 1071 2153 Neptuni,

61 2185 165 2278 ludis,
189 2213 294 2290 qnos
308 2183 514 2265 Isthmicos
529 2203 686 2278 vocant,
710 2187 884 2263 celebre:
925 2187 1071 2266 Corin·

62 2321 158 2414 thoe,
192 2325 296 2400 olim
326 2323 427 2398 clara
460 2323 623 2425 opibus,
661 2321 750 2425 post
786 2321 896 2398 clade
921 2321 1071 2412 notior,

60 2481 156 2535 nnnc
172 2462 356 2536 Romana
377 2457 554 2549 colonia,
582 2483 630 2534 ex
647 2455 800 2536 summa
821 2483 926 2549 arce,
951 2479 1072 2558 quam

60 2593 369 2672 Acrocorinthon
392 2590 612 2695 adpellant,
640 2595 763 2672 maria
783 2609 953 2696 utraque
976 2615 1072 2668 con·

60 2741 172 2808 tuens.
254 2725 516 2830 Peloponnefi
557 2753 669 2806 oram
713 2732 732 2827 (
739 2727 837 2806 ficut
871 2727 1110 2826 diximum

61 2859 153 2942 hona
173 2879 214 2940 et
235 2865 512 2967 promontoria
533 2864 725 2942 lacerant:
758 2865 975 2941 oboriente
993 2863 1075 2938 Bu·

61 2999 257 3101 cephalos,
292 3016 333 3075 et
358 2995 646 3095 Chersonesos,
681 3013 721 3075 et
746 3000 978 3111 Scyllaeon:
1024 2995 1076 3074 ad

61 3133 263 3211 meridiem
285 3135 428 3225 Malea,
461 3140 672 3225 Taenaros,
699 3137 860 3228 Acritas,
888 3131 1074 3236 Ichthys:

62 3267 106 3344 ad
120 3266 334 3372 vesperum
355 3270 592 3348 Chelonates
612 3285 651 3346 et
672 3273 831 3348 Araxos.
889 3269 1077 3347 Habitant

63 3404 103 3478 ab
123 3404 273 3483 Isthmo
297 3403 347 3481 ad
364 3405 573 3506 Scyllaeon
595 3405 823 3507 Epidaurii,
855 3403 1078 3506 Aesculapii

63 3543 205 3644 templo
237 3542 401 3632 incluti,
440 3559 479 3617 et
509 3541 742 3631 Troezenii,
777 3537 857 3618 fide
884 3538 1078 3616 societatis
1196 3533 1199 3538 ’

64 3677 204 3752 Atticae
225 3673 408 3753 illustres.
467 3680 609 3754 Portna
631 3678 854 3767 Saronicus,
879 3693 918 3754 et
935 3676 1080 3754 Schoe-

4 3903 5 3908 ,
62 3813 175 3902 nitas,
203 3825 245 3886 et
267 3813 474 3914 Pogonus:
515 3811 663 3914 oppida
684 3827 816 3889 autern
842 3812 1080 3914 Epidaurus,

4 3919 6 3978 l
65 3961 98 4020 et
117 3951 340 4038 Troenene,
371 3962 410 4022 et
427 3949 644 4025 Hermiona
662 3945 726 4024 hia
749 3949 937 4025 litoribus
957 3945 1079 4046 adpo·

4 4111 6 4162 l
66 4077 126 4156 lita
149 4079 257 4160 lunt.
321 4085 430 4166 lotar
456 4083 667 4184 Scyllaeon
700 4099 740 4157 et
765 4083 946 4174 Malean,
975 4078 1080 4158 nnuc

675 4237 699 4286 o
727 4236 749 4288 a
