2856 4926
520 409 619 468 CAP.
656 411 715 470 IV.
1063 425 1143 476 xm

478 580 574 648 CA
605 577 647 648 P.
695 579 766 652 1v.

156 771 217 824 nn
257 769 380 821 erano
417 729 558 820 mirra
600 767 775 838 arnapna
812 767 1080 824 incoronare.

185 933 369 1008 Inclamit
393 933 496 1007 Male
522 931 619 1006 libro
644 931 814 1030 quamvia
842 931 963 1024 brevi,
1000 936 1144 1036 elegan-

97 1051 236 1130 rimmo
250 1073 376 1129 tamen
390 1072 428 1129 ct
441 1051 648 1144 utiliffimo,
671 1054 713 1128 in
727 1077 802 1153 quo
821 1054 920 1130 orbis
936 1055 1143 1156 descriptio-

95 1203 186 1252 nem
204 1177 429 1252 Iatinorum
442 1193 634 1252 auctorum
653 1175 794 1272 primus
808 1176 1008 1278 proposuit.
1040 1177 1143 1252 Titn-

96 1299 169 1388 lna,
193 1323 308 1398 quern
327 1297 539 1397 praeferunt
551 1296 696 1374 codioea
711 1316 750 1372 ct
768 1298 961 1391 editiones,
982 1299 1147 1381 maxime

97 1421 254 1518 quidem
273 1422 410 1512 variat,
439 1419 516 1510 sad,
551 1417 578 1494 fi
600 1445 679 1494 rem
699 1419 852 1520 spectac,
879 1421 927 1495 ad
947 1421 1048 1496 idem
1066 1420 1146 1497 fere

97 1543 203 1616 redit.
255 1543 378 1616 Modo
399 1543 501 1618 enim
521 1543 658 1642 legitur
680 1550 901 1633 Grcgrrplcie.
925 1543 1041 1617 modo
1063 1550 1146 1616 Gho-

97 1672 292 1754 romplrr’a,
330 1664 389 1736 nti
408 1664 520 1738 etiam
546 1665 765 1738 adnotatum
784 1659 834 1738 cst
857 1689 877 1736 a
898 1662 990 1746 viris
1015 1665 1144 1740 docos.

97 1787 166 1859 ma
195 1785 351 1883 quiden
385 1785 448 1858 hic
479 1784 581 1860 sensu
618 1785 744 1862 latiori
779 1783 1022 1882 intelligitur,
1060 1809 1147 1860 oum

98 1907 213 1982 eriam
231 1907 489 1982 mathernatica
508 1907 685 2006 requirat3
717 1909 806 1982 haec
821 1907 948 1983 minue
966 1925 1066 1982 recte
1085 1907 1148 1982 ad·

97 2029 275 2126 ponitur,
311 2029 399 2128 quia
419 2025 552 2104 Noster
570 2053 651 2104 non
672 2029 772 2104 orbia
792 2047 972 2106 terrarum
990 2047 1146 2128 partem,

97 2150 158 2224 fed
176 2168 304 2224 cotom
329 2152 544 2248 complexae
563 2147 630 2242 est,
664 2170 702 2225 et
721 2151 798 2226 duo
826 2151 892 2226 illa
912 2155 1022 2226 verba
1043 2147 1148 2226 diffe-

96 2289 199 2363 runt,
222 2289 269 2344 nt
281 2295 366 2370 para
381 2297 400 2345 a
415 2289 509 2362 toto,
531 2297 578 2348 ex
590 2272 765 2348 sententia
778 2273 891 2346 etiam
914 2280 950 2361 ¹)
966 2290 1147 2348 veterum.

97 2395 176 2468 Alii
198 2393 344 2468 codioea
364 2393 406 2466 in
426 2393 551 2470 fr0nte
572 2393 783 2492 praeferunt
805 2393 1082 2493 inscriptionem
1106 2399 1148 2464 da

88 2519 165 2615 [ιω
187 2519 283 2589 orbo.
335 2517 394 2590 Sic
415 2535 451 2590 ct
469 2517 510 2590 in
529 2517 639 2590 editis
659 2517 766 2590 libria
787 2517 949 2590 maxime
971 2517 1066 2591 olim
1084 2538 1149 2591 va·
1280 2573 1289 2593 .

97 2637 240 2712 riatum
270 2634 338 2728 est,
376 2639 512 2738 quippe
544 2639 679 2736 quibua
705 2639 943 2738 praeponitur
967 2637 1001 2729 ²)
1018 2635 1148 2738 Gesne-

98 2769 265 2852 graphia,
293 2767 514 2851 Geogroplu'a‚
542 2759 711 2864 descriptio
719 2765 811 2860 fitur
826 2766 924 2837 orbis.
950 2759 1012 2832 vel
1028 2761 1148 2858 defitu

100 2887 187 2954 orbis
205 2887 280 2951 libri
298 2902 380 2964 cres.
413 2883 455 2956 in
475 2907 552 2980 qno
573 2883 686 2957 titulo
705 2881 794 2955 inde
809 2907 829 2952 a
844 2882 960 2979 longo
983 2897 1148 2975 tompore

99 3001 360 3076 consenserunt
380 3003 549 3078 editores.
601 3012 703 3104 Quae
723 3001 874 3102 quidem
894 2999 1049 3076 varietas
1064 2997 1147 3074 satie

100 3125 282 3214 declarat,
305 3125 475 3200 librarios
498 3151 630 3202 manue
651 3121 865 3216 admoviffe,
889 3142 943 3213 et,
973 3139 1149 3220 concepta

101 3247 193 3320 libri
217 3245 398 3345 imagine,
432 3265 633 3345 utcumque
658 3246 834 3338 libuiffet,
872 3245 1027 3318 titulum
1052 3241 1148 3316 adie-

102 3366 207 3458 ciiie,
248 3393 359 3466 quem
387 3394 433 3440 ex
462 3375 592 3443 Graeca
617 3369 814 3468 inprimis
839 3368 968 3467 lingua
989 3365 1148 3464 petitum

101 3491 308 3564 doctiorem
324 3487 523 3587 putaiicnt3
548 3489 617 3564 nifi
630 3491 734 3580 velie,
748 3496 883 3564 Graeco
894 3487 1008 3564 verbo
1018 3512 1037 3559 a
1047 3487 1149 3560 Mela

2 3662 3 3706 r
103 3613 285 3686 Larinum
316 3610 526 3685 subiectum.
553 3610 675 3703 fuisse,
715 3611 817 3709 quod
848 3628 974 3686 tamen
1007 3607 1050 3682 in
1079 3607 1149 3684 hac

2 3809 3 3824 ,
103 3735 219 3810 ctiam
238 3732 411 3809 varietate
426 3735 552 3807 minua
567 3734 741 3808 credibile
758 3733 916 3810 videtur.

150 3991 183 4060 a)
206 3987 277 4048 vid.
300 3985 483 4044 Ptolemaeus
502 3985 555 4046 lib.
577 4007 604 4046 r.
656 3986 765 4046 Melam
779 3984 885 4051 refert.
904 3983 937 4041 in
952 3979 1148 4058 Genealogiir,

104 4095 145 4132 m·
654 4091 684 4130 v.
707 4093 731 4132 o.
759 4093 787 4138 ι.
815 4083 862 4140 ¹5·
893 4085 922 4144 9,
944 4079 993 4135 33.
1024 4085 1072 4131 ro,
1099 4081 1146 4122 aa.
1177 4089 1180 4094 ·

147 4161 183 4231 a)
205 4159 250 4216 lca
270 4153 342 4214 folet
362 4155 527 4224 Boccrrior.
549 4155 604 4216 ubi
658 4173 707 4228 ra,
723 4166 773 4228 25.
800 4167 847 4226 rs.
866 4174 893 4212 r.
910 4169 939 4212 cr
951 4149 1023 4210 alibi
1037 4145 1147 4230 prom.
