2856 4926
468 417 578 475 cst.
620 417 678 478 IV·
1010 439 1101 488 xm

63 587 322 663 oocidentnlem
338 581 478 677 Libyes
494 606 597 656 oram
615 582 738 656 versus
753 581 951 680 Aethiopes
966 589 1100 690 Hespe-
1121 683 1128 698 ⁴

62 710 131 783 rios
157 705 414 806 progreditur,
446 705 684 802 tandemque,
717 704 816 778 unde
840 727 1024 802 coeperat,
1056 713 1099 788 in

1 879 2 933 ς
61 837 267 904 Mauretania
281 827 328 900 ad
340 829 552 926 Ampstufiam
567 826 868 928 promontorium
884 827 1048 907 subsistit.

131 1019 190 1092 Ei
219 1039 294 1114 quo
324 1011 408 1085 satis
434 1009 598 1110 adparet,
638 1011 771 1086 maiori
799 1007 919 1088 ssudio
947 1034 984 1090 et
1015 1044 1099 1116 pro·

61 1137 183 1214 lixiori
210 1134 419 1208 narratione
447 1155 550 1206 oram
570 1132 710 1206 interni
734 1134 843 1208 meris
866 1160 952 1210 eum
972 1139 1101 1216 deseri.

61 1256 174 1360 pfiffe,
208 1273 250 1328 ut
272 1253 488 1328 homiuibus
510 1270 546 1326 et
565 1251 672 1326 rebus
691 1251 954 1350 inlustriorem,
981 1287 1100 1340 unum

1 1363 2 1444 Ὗ
61 1402 216 1476 eumque
231 1375 382 1449 tertium
399 1375 539 1448 librum
553 1375 712 1450 externis
729 1375 941 1476 regionibus
958 1380 1098 1460 dedisse.

125 1567 243 1662 ‘Opus
261 1541 361 1634 illud
381 1559 502 1659 ipsum
528 1561 603 1634 ism
626 1560 719 1634 olim
740 1557 1003 1659 antiquissimas
1026 1567 1103 1641 edi·

62 1687 179 1760 tiones
200 1709 288 1757 cum
312 1681 500 1756 codicibus
521 1683 561 1756 in
582 1699 654 1756 tres
683 1683 797 1756 libros
821 1683 979 1758 divisum
1001 1689 1103 1760 exhi·
1201 1763 1204 1778 ,

62 1807 214 1896 hebent,
247 1829 407 1902 quorum
424 1804 567 1901 primus
589 1801 663 1877 siue
682 1829 837 1878 numero
860 1823 983 1880 tamen
1008 1810 1103 1906 capi·

60 1946 141 2002 tum
162 1924 362 2026 segmentis
383 1923 491 2000 sectis
510 1925 761 2023 inscriptisque
777 1943 850 2000 tres
871 1927 970 2000 orbis
993 1945 1104 2004 terrr-

61 2077 145 2124 rum
176 2065 298 2146 partes
322 2045 479 2138 iudicet,
521 2073 607 2121 cum
631 2047 732 2122 Asiae
756 2065 792 2120 et
817 2039 961 2122 Africae
993 2052 1104 2146 psrti·

1 2175 2 2220 Τ
62 2170 176 2244 cultri
193 2161 449 2266 descriptione,
474 2171 613 2268 reliqna
628 2167 822 2266 dispertitis
837 2187 982 2243 tantum
996 2171 1103 2248 libris

60 2291 303 2390 [sparsimque
327 2293 495 2386 paullum
520 2291 734 2390 regionibus
768 2315 844 2364 uno
870 2289 946 2364 fers
977 2311 1105 2367 tenore

61 2414 106 2488 ed
120 2412 237 2486 sinens
253 2435 369 2508 usque
389 2412 600 2510 procedunt.
639 2411 739 2486 Hinc
759 2407 973 2508 posteriores
988 2413 1104 2510 cspits

60 2551 330 2622 numerarunt,
353 2531 523 2630 praefixis
546 2535 736 2632 potiorum
757 2533 951 2631 regionum
973 2534 1105 2625 titulis,

1 2661 2 2684 s
61 2657 170 2754 plura
200 2653 333 2743 niodo,
368 2653 483 2726 modo
514 2655 702 2754 pauciora.
734 2677 826 2749 quae
847 2653 999 2726 variatio
1020 2651 1104 2730 satis

63 2777 242 2864 declarat,
283 2773 520 2848 librariorum
537 2777 603 2848 illa
630 2793 667 2848 et
687 2775 872 2848 editorum
899 2773 1050 2872 ingenio
1068 2791 1106 2848 et

61 2899 219 2972 arbitrio
249 2893 316 2968 esse
338 2897 372 2983 ⁴)
387 2895 548 2986 invecta,
580 2913 624 2968 ut
654 2915 808 2982 tacesm,
844 2895 966 2991 alique
995 2896 1106 2972 verbs

63 3037 224 3094 sentens
238 3017 361 3090 Melae
379 3019 550 3090 nondum
565 3015 702 3108 tulisse,
724 3018 766 3090 in
786 3017 919 3114 quibus
935 3016 1019 3090 sunt
1033 3047 1109 3108 par·

1 3187 2 3192 κ
61 3149 228 3223 cimbris,
261 3136 289 3230 ⁵)
309 3143 568 3210 mediterraneum
598 3165 702 3222 mars,
739 3137 840 3237 quod
864 3137 1025 3214 Rornans
1047 3139 1108 3214 ed·

105 3365 141 3434 s)
165 3360 215 3417 Sic
233 3373 313 3416 recte
332 3357 444 3416 iudicat
462 3357 565 3417 Sebot·
661 3361 693 3429 5)
707 3359 934 3420 Mediterranea
947 3355 1109 3436 persequi-

64 3461 110 3505 tus
125 3447 164 3502 sd
182 3469 210 3510 ι,
231 3465 258 3500 ι.
274 3444 315 3500 in.
338 3443 453 3502 Vossius
469 3459 566 3500 tamen
616 3441 683 3498 dem
702 3461 764 3498 vox
787 3443 825 3498 est
847 3441 949 3518 proba¹
962 3459 988 3498 et
1011 3444 1109 3519 passim

64 3531 102 3588 ad
116 3544 148 3599 3,
170 3548 219 3586 ro.
234 3527 277 3582 in¹
302 3526 428 3602 capitum
449 3527 566 3585 divific-
618 3527 721 3590 obvia,
750 3543 779 3582 tt
797 3527 830 3582 in
854 3527 911 3582 boc
933 3547 1010 3584 nexu
1033 3528 1111 3602 apud

63 3635 117 3672 nes
142 3631 172 3672 et
191 3611 399 3686 inscriptiones
419 3610 456 3666 sd
470 3631 567 3668 remo·
616 3611 791 3688 posteriores
826 3611 943 3666 demum
972 3613 1110 3674 occurrit.

1 3705 2 3714 ’
63 3701 144 3758 tion
173 3714 307 3772 tempora
342 3709 372 3750 et
405 3695 441 3750 sd
471 3697 566 3771 ipsum
617 3695 917 3770 vesutilfidor.orig.
939 3693 1111 3762 s3‚16.in.

63 3781 181 3839 Melsos
197 3779 317 3836 videtur
334 3777 464 3841 reiicere,
488 3779 568 3855 quod
619 3781 667 3836 Sic
689 3781 793 3836 Pontus
811 3780 1023 3834 mediterraneas
1040 3775 1111 3852 legi·

62 3868 111 3924 ibi
135 3867 171 3922 itt
192 3861 282 3922 titulo
303 3861 393 3918 suerit
413 3861 566 3940 scriptum
620 3881 668 3920 tur
688 3865 719 3920 in
741 3863 928 3938 inscriptione
950 3861 1027 3937 tpud
1045 3864 1112 3915 Mu·

63 3953 154 4008 Arta
182 3963 212 4006 et
241 3947 414 4003 Atlanticum
441 3949 567 4023 pelagus,
618 3947 894 4019 ratoninstrnbpfi.
909 3967 933 4000 s.
954 3945 1041 4002 Csad
1050 3947 1113 4002 Mt·

64 4055 160 4112 qnare
179 4051 243 4112 non
265 4049 339 4106 opus
355 4029 459 4094 suerit,
482 4052 568 4092 vocs·
617 4031 710 4100 sffll·
725 4055 752 4098 r,
773 4054 799 4095 ι,
816 4047 847 4100 4.
860 4027 948 4106 qu.

63 4119 174 4175 bulum
190 4115 316 4176 Atlantis
333 4127 471 4188 repetere.

1 4265 2 4332 3
114 4253 163 4310 De
178 4251 279 4326 semp.
294 4247 388 4308 Mela.
779 4225 805 4301 b
