2868 4930
407 398 411 407 ’
485 435 584 495 cte.
625 437 728 498 vm.
1005 459 1130 514 „xm

80 600 338 700 locupletetur,
368 595 429 672 ted
446 615 484 674 et
502 593 756 674 inluliriomm
782 603 1023 702 interpretum
1043 611 1126 687 lub-

80 721 166 798 lidia
191 721 356 818 repetiit,
388 725 515 795 Herm.
541 721 708 811 Berberi,
742 725 913 818 Oliverii,
948 729 1123 826 Pintieni‚

82 843 281 934 Ciecconii,
305 842 467 932 Schotti,
492 839 617 916 Vollii.
667 843 807 918 Melius
824 863 947 922 temen
963 870 1001 924 et
1021 879 1123 930 eccu-

79 967 195 1040 ntiue
215 971 344 1038 Herm.
361 963 510 1038 Barbari
531 959 780 1064 castigationes
801 968 985 1063 prodeunt
1003 973 1043 1048 in
1065 977 1121 1051 ed.

10 1157 14 1164 ,
83 1105 190 1179 1748.
222 1085 279 1159 uti
300 1085 418 1182 prime
439 1085 554 1160 editio
575 1111 700 1160 eorum
721 1086 830 1161 docet
849 1095 990 1166 Romae
1013 1109 1121 1192 1493.

77 1205 185 1282 fecte.
228 1207 370 1282 Eodem
402 1205 589 1282 diverfitee
617 1206 922 1284 animadvertitur
951 1215 991 1287 in
1019 1220 1122 1296 notie

78 1327 262 1403 Giecconii
283 1347 320 1402 et
343 1329 525 1418 Pintieni,
563 1353 653 1426 quae
681 1332 793 1403 altere
815 1331 878 1402 illa
902 1333 1017 1410 editio
1038 1339 1123 1412 dili·

77 1453 224 1550 gentiue
240 1452 382 1548 repetit.
432 1450 611 1526 Adiuncti
631 1450 715 1523 lunt
730 1454 935 1550 Geogrophi
954 1453 1058 1554 lupre
1080 1463 1124 1536 in

76 1572 128 1645 ed.
151 1575 263 1665 1696.
283 1570 456 1648 recenliti.
508 1577 649 1646 Textue
671 1571 747 1645 fere
765 1573 807 1645 in
827 1571 977 1670 fingulie
1000 1580 1122 1658 verbio

75 1691 257 1792 expreilue
271 1691 322 1769 est
339 1721 385 1768 ex
404 1692 566 1768 editione
585 1711 746 1792 peteme.
798 1700 982 1768 Notorum
1000 1715 1123 1777 tamen

74 1815 227 1888 illenim
241 1815 476 1890 acerbitatem
497 1811 632 1890 omittis
652 1809 778 1913 peffim
799 1819 1035 1896 contumeliis
1053 1823 1123 1898 mi·

73 1937 186 2038 tiget,
212 1935 278 2012 etti
290 1961 369 2012 non
383 1955 559 2014 removet.

192 2176 253 2252 39.
307 2155 471 2230 Curiae
512 2154 1006 2248 Verilcorum1733.3.

144 2315 290 2386 Auctor
315 2308 393 2381 eine
418 2313 535 2381 Henr.
561 2306 691 2382 Adam.
718 2307 939 2398 Meisnerus,
978 2311 1043 2408 qui
1067 2337 1122 2389 re-

72 2428 182 2528 petiit
196 2445 344 2502 textum
356 2429 553 2516 Gronovii‚
586 2445 622 2501 11
642 2429 683 2502 in
704 2427 844 2502 adiecto
866 2429 988 2504 indice
1009 2459 1122 2530 quan·

71 2552 222 2626 titetem
251 2551 454 2624 multarum
486 2549 726 2642 syllabarum,
770 2551 927 2646 quaein
958 2579 1122 2650 pronun·

71 2673 212 2746 fiendis
233 2671 403 2770 gentium
423 2689 460 2744 et
476 2672 647 2743 locorum
666 2671 883 2744 nominibus
901 2675 1037 2746 morari
1056 2695 1121 2752 1111

70 2777 260 2893 impedire
275 2789 439 2891 pellunt,
470 2792 613 2864 utiliter
631 2791 793 2880 notovit,
819 2791 881 2864 etfi
907 2797 1120 2870 Hunterum

69 2915 238 2988 maxime
263 2913 398 2986 ducem
428 2913 608 3010 sequitur,
646 2911 875 3012 gravioribus
908 2915 1119 2992 auctoribus

67 3033 175 3132 saepe
199 3035 387 3134 neglectis.
444 3035 503 3109 Ad
530 3035 653 3108 Melae
680 3033 965 3132 explicationem
988 3061 1121 3136 perum

67 3173 134 3230 1111
160 3155 262 3230 nihil
287 3154 439 3232 confert.

326 3384 386 3454 90.
449 3356 664 3432 Londini
693 3379 802 3452 1739·
834 3353 873 3450 ’4.

144 3509 278 3588 Editio
303 3509 456 3610 repetite
480 3509 671 3585 Reiuoldii
696 3507 771 3584 line
794 3511 872 3583 ulla
900 3527 937 3582 11
958 3509 1059 3584 tituli
1081 3533 1119 3588 et

67 3649 205 3708 ternu
237 3633 429 3721 verietate,
462 3631 527 3729 qui
548 3631 659 3706 illum
684 3630 853 3728 deinceps
881 3630 1118 3730 subsequitur,

65 3755 229 3830 adnexis
244 3754 356 3828 etiem
375 3752 510 3826 ttbulie
530 3753 799 3852 geographicis,
824 3777 980 3851 querum
1000 3753 1120 3854 fingu-

64 3877 127 3950 lee
154 3873 349 3971 inscriptae
373 3874 458 3946 sunt
481 3873 699 3947 nominibus
733 3899 927 3970 procerum
952 3875 1118 3972 Angliee,

65 4020 239 4095 quornm
264 4019 352 4070 cure
377 4013 414 4068 et
438 3995 614 4069 beneficio
643 3993 841 4093 insculptte
865 4010 976 4067 erant.
1028 3993 1119 4068 Eine

64 4118 263 4218 exemplar
280 4117 397 4196 lervet
415 4115 634 4192 bibliotheca
651 4117 836 4192 senatoria
850 4109 1052 4212 Liplienfie,
1076 4113 1119 4188 iu
