2816 4920
328 431 372 496 m
488 427 495 434 “
592 413 1067 482 somnolentum

329 589 420 667 crde
442 587 654 670 obiectum.
711 595 873 682 Turris,
902 615 1024 694 quam
1043 582 1242 668 Diomedis
1265 607 1339 660 ro-

328 741 437 816 cant,
464 723 621 828 [ignum
640 725 799 806 fabulae
819 743 1017 804 remanet:
1047 740 1086 802 et
1101 723 1201 809 urbs,
1221 743 1342 820 quan

187 875 192 892 ‘
326 857 441 940 soror
466 863 552 940 eius
580 859 654 940 suo
685 865 854 941 nouriue
890 861 1135 949 nominarit,
1170 856 1340 945 Abdera3

327 995 396 1074 sed
420 1023 464 1074 ea
487 998 611 1098 magis
633 995 679 1074 id
714 997 1022 1075 memorandum
1052 997 1186 1084 habet,
1230 987 1344 1093 quod
1398 959 1401 1040 ¹⁵

326 1133 607 1212 Democritum
629 1131 843 1234 Phylicum
867 1135 982 1223 tulit,
1018 1155 1137 1232 quam
1156 1125 1263 1229 quod
1284 1126 1346 1201 ita

327 1265 488 1346 condita
503 1262 569 1344 est.
626 1268 741 1343 Ultra
755 1266 901 1346 Nestos
916 1266 1026 1358 fluit,
1054 1269 1233 1364 interque
1247 1283 1345 1336 eum
1400 1311 1402 1328 ι

327 1418 367 1486 et
390 1405 603 1504 Strymona
619 1402 741 1480 nrbes
767 1399 861 1481 [unt
884 1402 1084 1503 Philippi,
1120 1397 1345 1502 Apollonia,

326 1537 602 1639 Amphipolis:
639 1537 745 1612 inter
763 1540 976 1638 Strymona
991 1554 1031 1613 et
1045 1535 1198 1625 Athon,
1223 1531 1346 1608 turris

325 1674 555 1762 Calamam,
582 1688 622 1747 et
646 1673 786 1770 Κάπρου
812 1675 928 1772 λιμὴν,
962 1671 1057 1748 urbs
1082 1669 1273 1746 Acanthos
1302 1679 1346 1741 et

324 1807 567 1908 Echymnia:
605 1806 710 1882 inter
733 1805 870 1882 Athon
895 1821 935 1880 et
959 1807 1163 1896 Pallenen,
1197 1805 1348 1882 Cleona

325 1959 366 2018 et
382 1941 595 2043 Olynthos.
643 1943 832 2042 Strymon
854 1937 982 2044 (licut
1000 1938 1197 2042 diximus)
1219 1939 1348 2013 amnis

326 2075 401 2166 est,
429 2077 630 2176 longeque
653 2089 765 2152 ortus
781 2089 820 2150 et
843 2078 998 2167 tenuis,
1026 2075 1162 2152 alienis
1178 2071 1348 2150 subinde

326 2211 440 2311 aquis
463 2207 509 2286 fit
532 2208 724 2311 amplior,
757 2223 816 2298 et,
856 2211 929 2288 ubi
953 2236 1039 2288 non
1063 2213 1182 2312 longe
1205 2205 1349 2283 amari

325 2345 460 2421 lacum
493 2341 607 2432 fecit,
649 2341 819 2432 maiore,
862 2370 984 2443 quarn
1010 2359 1189 2435 venerat,
1229 2344 1350 2420 alveo

272 2480 513 2581 roerumpit
558 2477 683 2553 Athos
699 2498 816 2552 mons
835 2475 892 2552 est
909 2478 1011 2560 adeo
1027 2482 1169 2570 elattas,
1195 2496 1241 2557 ut
1263 2501 1350 2552 cre-

325 2613 443 2692 datur
460 2615 576 2690 altius
592 2612 724 2700 etiam
751 2635 873 2711 quam
891 2613 1003 2692 unde
1024 2617 1170 2692 imbres
1189 2611 1349 2700 cadunt,

325 2749 496 2853 surgere.
567 2747 685 2848 Capit
712 2747 853 2848 opinio
882 2745 1025 2840 fidem,
1059 2748 1348 2850 quindenis,

324 2911 423 2987 quas
448 2886 494 2962 in
525 2883 674 2960 vertice
699 2879 884 2972 sustinet,
924 2909 1012 2962 non
1035 2885 1211 2960 abluitur
1234 2882 1348 2970 cinis,

322 3017 404 3108 sed,
428 3043 512 3119 quo
532 3017 777 3117 relinquitur
795 3041 948 3119 aggere,
972 3035 1117 3096 manet.
1159 3019 1349 3096 Ceterum

323 3177 410 3230 non
439 3151 741 3252 promontorio,
778 3167 826 3228 ut
859 3153 948 3241 alii,
987 3178 1131 3230 rerum
1167 3167 1276 3231 totus
1308 3163 1349 3226 et

322 3300 408 3364 toto
433 3287 553 3386 louge
579 3280 698 3362 dorio
731 3285 914 3386 procedit
945 3287 991 3362 in
1026 3287 1199 3388 pelagus.
1258 3291 1348 3390 Qua

323 3421 544 3495 continenti
578 3418 783 3510 adhaeret,
819 3446 840 3495 a
866 3424 994 3497 Xerxe
1023 3423 1069 3498 in
1092 3423 1229 3497 Graios
1260 3435 1348 3494 ten-

322 3552 441 3628 dente
462 3549 656 3652 perfoffus
678 3555 1024 3655 transiugatusque
1044 3555 1119 3646 est,
1158 3571 1198 3630 ct
1217 3551 1347 3628 sactus

250 3725 251 3730 ¹
320 3685 425 3764 freto
441 3687 659 3788 navigabili
675 3690 849 3791 pervius.
896 3694 979 3766 lma
995 3693 1082 3768 eius
1103 3704 1236 3765 tenent
1256 3711 1347 3788 par·

319 3847 393 3899 vae
436 3821 692 3922 Pelasgorum
728 3825 920 3902 coloniae
990 3829 1039 3901 In
1073 3822 1229 3900 summo
1264 3823 1347 3898 fuit

320 3955 516 4061 oppidum
534 3957 774 4049 Acroathon,
799 3963 946 4059 inquo
966 3962 1030 4057 (ut
1043 3956 1197 4054 famant)
1223 3955 1346 4032 dimi·

319 4093 389 4173 dio
412 4091 593 4196 longior,
621 4116 743 4194 quam
765 4095 810 4170 in
831 4095 918 4172 aliis
941 4096 1074 4184 terris,
1103 4107 1205 4170 aetas
1229 4091 1345 4210 habi·
