2856 4926
319 451 403 502 axx
568 437 639 498 DE
679 438 947 500 POMPONIO
990 441 1125 500 mett

575 628 634 678 ιο.
693 607 917 681 venetiis
946 625 1056 700 1433.
1094 625 1131 701 4.

404 753 445 818 P.
465 751 517 818 M.
534 746 778 849 cosmographia
795 779 864 820 eum
883 771 1057 820 commento
1077 757 1208 832 Coreli.
1231 749 1276 823 de
1292 775 1373 850 quo

327 867 431 965 supra
457 868 548 942 dixi.
598 878 652 944 lta
676 897 763 944 vero
791 889 1057 945 commemorat
1080 873 1304 948 Maittairius
1329 875 1375 946 in

328 993 450 1064 annal.
468 1009 613 1090 typogr.
631 999 673 1065 T.
694 1013 724 1066 1.
744 999 780 1065 Ρ.
802 1019 835 1066 u.
859 1020 893 1090 p.
909 1015 994 1082 501.
1018 993 1110 1067 etin
1127 1011 1214 1067 nota
1229 995 1378 1095 adlegat

328 1109 453 1185 testem
492 1112 581 1185 bibl.
617 1116 809 1214 Noriberg.
845 1115 1012 1188 &auberti
1046 1140 1081 1211 p.
1105 1121 1187 1204 163.
1222 1141 1268 1189 ex
1297 1142 1376 1216 quo

328 1233 433 1308 fonte
469 1236 640 1308 notitiam
674 1234 840 1309 nmnalle.
867 1255 971 1332 putat
1012 1238 1123 1309 etiarn
1159 1245 1296 1312 Panzer
1332 1241 1379 1313 iu

329 1358 449 1432 annal.
469 1363 686 1456 typograph.
707 1365 750 1432 T.
767 1381 801 1448 3.
823 1343 857 1455 p.
877 1363 960 1452 164.
985 1384 1071 1431 cum
1093 1361 1195 1432 nulla
1218 1363 1379 1434 omnino

328 1475 390 1568 fit,
425 1496 462 1550 et
488 1477 671 1552 Cocchum
697 1481 742 1551 de
769 1482 948 1553 Cochlaeo
979 1480 1167 1578 intelligit.
1218 1482 1301 1555 Vid.
1329 1483 1382 1556 ad

329 1625 414 1674 ann.
438 1619 546 1692 1473.
597 1609 759 1675 Notatur
779 1601 928 1697 quidem
949 1601 989 1673 in
1007 1603 1174 1700 catalogo
1192 1601 1382 1700 impreffo·

329 1749 413 1796 rum
444 1725 627 1797 librorum
666 1724 708 1796 in
741 1723 962 1795 bibliotheca
1001 1725 1198 1815 Bodleiana
1231 1727 1316 1796 Vol.
1338 1750 1380 1798 2.

329 1872 365 1943 p.
386 1849 468 1917 166.
504 1851 542 1918 Ρ.
556 1847 658 1918 Mela
676 1885 723 1900 -
746 1851 872 1918 Venet.
887 1869 952 1943 per
966 1844 1139 1920 Francise.
1166 1853 1314 1918 Renner
1331 1847 1382 1919 do

329 1967 514 2040 Hailbrun
536 1985 643 2056 1433.
669 1984 704 2057 4.
744 1965 802 2039 sed
832 1989 878 2038 ex
907 1965 1001 2038 vitio
1037 1991 1233 2062 operarum
1266 1987 1381 2058 1433.

330 2085 499 2185 prodiisse
512 2089 658 2160 videtur
673 2115 739 2184 pro
757 2103 864 2182 1478.
903 2095 984 2186 Ego
998 2087 1073 2185 ipse
1095 2113 1165 2161 nee
1183 2087 1280 2178 vidi,
1308 2113 1382 2164 nec

332 2208 523 2306 exquirere
549 2210 667 2309 potui.

624 2486 789 2548 Aetds
831 2473 1083 2576 secunda.

404 2647 604 2720 Conditore
633 2647 835 2718 Hermolao
863 2645 1038 2736 Barbaro,
1077 2647 1183 2720 cuiue
1209 2647 1385 2719 emenda·

333 2766 453 2841 tiones
484 2769 652 2865 proxime
684 2766 873 2864 sequentes
907 2767 1088 2843 editiones
1121 2783 1268 2841 tantum
1300 2792 1384 2842 non

333 2913 465 2964 omnes
491 2889 740 2962 reddiderunt.
1247 2869 1250 2878 ¹

596 3161 654 3209 11.
718 3143 752 3210 S.
784 3138 811 3209 l.
846 3155 893 3210 et
924 3161 1047 3211 anno
1081 3153 1118 3228 4.

407 3287 582 3362 Ponenda
614 3288 675 3362 hie
699 3288 847 3362 videtur
876 3289 990 3362 editio
1023 3312 1085 3378 ea,
1122 3286 1227 3361 ouius
1254 3305 1390 3364 auctor

333 3411 449 3508 vulgo
466 3413 688 3484 Hermolaus
705 3410 882 3484 Barbarus
899 3408 1025 3484 fertur.
1078 3415 1123 3481 In
1142 3406 1265 3481 fronte
1286 3411 1391 3507 gerit

334 3549 481 3604 tantum
507 3533 595 3604 haee
626 3533 755 3604 verba:
791 3541 987 3620 Pomponius
1014 3537 1117 3600 Mela.
1186 3535 1230 3602 In
1257 3531 1387 3605 aversa

334 3670 437 3750 parte
449 3653 586 3749 legitur
599 3651 775 3749 praefatio
790 3653 985 3726 Hermolai
999 3649 1145 3724 Barbari
1160 3651 1206 3722 ad
1220 3653 1392 3726 Alexan-

336 3776 445 3846 drum
463 3779 525 3844 VI.
547 3773 766 3846 Pontificem
787 3773 1013 3863 maximum,
1044 3797 1155 3870 quam
1177 3775 1303 3871 plures
1327 3801 1391 3847 re·

334 3897 537 3995 petierunt,
564 3889 773 3991 constatque
791 3893 892 3968 foliis
914 3917 973 3984 33.
1017 3897 1161 3968 Literae
1174 3893 1259 3966 sunt
1274 3893 1391 3968 lucu·

333 4021 472 4102 lentae,
499 4017 622 4088 charta
642 4015 726 4089 satis
745 4016 909 4088 candida.
959 4021 1066 4089 Hunc
1084 4016 1237 4089 eandem
1252 4017 1392 4093 censeo

335 4137 401 4215 elie
422 4139 641 4232 editionem,
682 4163 793 4238 quam
815 4139 979 4237 Kappius
1002 4140 1044 4214 in
1062 4137 1227 4236 eatelogo
1248 4135 1393 4212 editio·
