<?xml version="1.0" encoding="UTF-8"?>
<!DOCTYPE html PUBLIC "-//W3C//DTD XHTML 1.0 Transitional//EN"
    "http://www.w3.org/TR/xhtml1/DTD/xhtml1-transitional.dtd">
<html xmlns="http://www.w3.org/1999/xhtml" xml:lang="en" lang="en">
 <head>
  <title>
</title>
<meta http-equiv="Content-Type" content="text/html;charset=utf-8" />
  <meta name='ocr-system' content='tesseract 3.04.00' />
  <meta name='ocr-capabilities' content='ocr_page ocr_carea ocr_par ocr_line ocrx_word'/>
</head>
<body>
  <div class='ocr_page' id='page_1' title='image "./pomponiimelaede01melagoog_0252.png"; bbox 0 0 2816 4920; ppageno 0'>
   <div class='ocr_carea' id='block_1_1' title="bbox 354 387 1097 470">
    <p class='ocr_par' dir='ltr' id='par_1_1' title="bbox 354 387 1097 470">
     <span class='ocr_line' id='line_1_1' title="bbox 354 387 1097 470; baseline 0.003 -20"><span class='ocrx_word' id='word_1_1' title='bbox 354 401 399 470; x_wconf 72' lang='grc' dir='ltr'>μ</span> <span class='ocrx_word' id='word_1_2' title='bbox 634 387 889 456; x_wconf 72' lang='lat' dir='ltr'><strong>roucourt</strong></span> <span class='ocrx_word' id='word_1_3' title='bbox 929 389 1097 452; x_wconf 71' lang='lat' dir='ltr'><strong>uncie</strong></span> 
     </span>
    </p>
   </div>
   <div class='ocr_carea' id='block_1_2' title="bbox 180 559 1357 4178">
    <p class='ocr_par' dir='ltr' id='par_1_2' title="bbox 357 559 1352 667">
     <span class='ocr_line' id='line_1_2' title="bbox 357 559 1352 667; baseline 0.005 -27"><span class='ocrx_word' id='word_1_4' title='bbox 357 562 508 640; x_wconf 72' lang='lat' dir='ltr'><strong>triones</strong></span> <span class='ocrx_word' id='word_1_5' title='bbox 528 559 727 653; x_wconf 80' lang='lat' dir='ltr'><strong>conversa,</strong></span> <span class='ocrx_word' id='word_1_6' title='bbox 743 562 894 642; x_wconf 82' lang='lat' dir='ltr'><strong>iterum</strong></span> <span class='ocrx_word' id='word_1_7' title='bbox 907 564 1031 667; x_wconf 86' lang='lat' dir='ltr'><strong>longo</strong></span> <span class='ocrx_word' id='word_1_8' title='bbox 1048 577 1232 665; x_wconf 84' lang='lat' dir='ltr'><strong>rectoque</strong></span> <span class='ocrx_word' id='word_1_9' title='bbox 1244 577 1352 646; x_wconf 83' lang='lat' dir='ltr'><strong>tractu</strong></span> 
     </span>
    </p>

    <p class='ocr_par' dir='ltr' id='par_1_3' title="bbox 180 696 1357 4178">
     <span class='ocr_line' id='line_1_3' title="bbox 180 696 1354 800; baseline -0.005 -18"><span class='ocrx_word' id='word_1_10' title='bbox 180 773 182 782; x_wconf 15' lang='grc' dir='ltr'>χ</span> <span class='ocrx_word' id='word_1_11' title='bbox 320 696 408 774; x_wconf 80' lang='lat' dir='ltr'><strong>aed</strong></span> <span class='ocrx_word' id='word_1_12' title='bbox 428 698 533 799; x_wconf 81' lang='lat' dir='ltr'><strong>ripae</strong></span> <span class='ocrx_word' id='word_1_13' title='bbox 558 697 694 774; x_wconf 80' lang='lat' dir='ltr'>Rheni</span> <span class='ocrx_word' id='word_1_14' title='bbox 717 699 845 776; x_wconf 75' lang='lat' dir='ltr'><strong>amnis</strong></span> <span class='ocrx_word' id='word_1_15' title='bbox 866 698 1115 800; x_wconf 76' lang='lat' dir='ltr'><strong>expanditur.</strong></span> <span class='ocrx_word' id='word_1_16' title='bbox 1172 706 1286 778; x_wconf 83' lang='lat' dir='ltr'><strong>Terre</strong></span> <span class='ocrx_word' id='word_1_17' title='bbox 1308 698 1354 776; x_wconf 78' lang='lat' dir='ltr'><strong>ed</strong></span> 
     </span>
     <span class='ocr_line' id='line_1_4' title="bbox 354 829 1355 936; baseline 0 -26"><span class='ocrx_word' id='word_1_18' title='bbox 354 829 549 912; x_wconf 86' lang='lat' dir='ltr'><strong>frumenti</strong></span> <span class='ocrx_word' id='word_1_19' title='bbox 566 833 779 935; x_wconf 76' lang='lat' dir='ltr'>praecipue</span> <span class='ocrx_word' id='word_1_20' title='bbox 797 858 840 910; x_wconf 86' lang='lat' dir='ltr'><strong>ac</strong></span> <span class='ocrx_word' id='word_1_21' title='bbox 856 835 996 936; x_wconf 78' lang='lat' dir='ltr'><strong>pabuli</strong></span> <span class='ocrx_word' id='word_1_22' title='bbox 1013 831 1134 925; x_wconf 83' lang='lat' dir='ltr'><strong>ferax,</strong></span> <span class='ocrx_word' id='word_1_23' title='bbox 1158 851 1196 912; x_wconf 89' lang='lat' dir='ltr'><strong>et</strong></span> <span class='ocrx_word' id='word_1_24' title='bbox 1209 857 1355 913; x_wconf 77' lang='lat' dir='ltr'><strong>amoene</strong></span> 
     </span>
     <span class='ocr_line' id='line_1_5' title="bbox 345 967 1355 1076; baseline 0.003 -33"><span class='ocrx_word' id='word_1_25' title='bbox 345 967 458 1046; x_wconf 20' lang='lat' dir='ltr'><strong>*lucie</strong></span> <span class='ocrx_word' id='word_1_26' title='bbox 486 967 743 1046; x_wconf 69' lang='lat' dir='ltr'><strong>immanibus.</strong></span> <span class='ocrx_word' id='word_1_27' title='bbox 796 969 1003 1076; x_wconf 85' lang='lat' dir='ltr'><strong>Quicquid</strong></span> <span class='ocrx_word' id='word_1_28' title='bbox 1024 995 1072 1046; x_wconf 86' lang='lat' dir='ltr'><strong>ex</strong></span> <span class='ocrx_word' id='word_1_29' title='bbox 1095 967 1185 1048; x_wconf 88' lang='lat' dir='ltr'><strong>satia</strong></span> <span class='ocrx_word' id='word_1_30' title='bbox 1213 969 1355 1072; x_wconf 78' lang='lat' dir='ltr'><strong>frigoris</strong></span> 
     </span>
     <span class='ocr_line' id='line_1_6' title="bbox 353 1100 1356 1206; baseline 0.006 -28"><span class='ocrx_word' id='word_1_31' title='bbox 353 1103 565 1205; x_wconf 71' lang='lat' dir='ltr'><strong>impatiens</strong></span> <span class='ocrx_word' id='word_1_32' title='bbox 585 1100 653 1193; x_wconf 86' lang='lat' dir='ltr'><strong>est,</strong></span> <span class='ocrx_word' id='word_1_33' title='bbox 673 1127 799 1206; x_wconf 85' lang='lat' dir='ltr'><strong>aegre,</strong></span> <span class='ocrx_word' id='word_1_34' title='bbox 817 1128 891 1180; x_wconf 89' lang='lat' dir='ltr'><strong>nec</strong></span> <span class='ocrx_word' id='word_1_35' title='bbox 910 1105 1063 1204; x_wconf 84' lang='lat' dir='ltr'><strong>ubique</strong></span> <span class='ocrx_word' id='word_1_36' title='bbox 1079 1103 1169 1196; x_wconf 80' lang='lat' dir='ltr'><strong>alit3</strong></span> <span class='ocrx_word' id='word_1_37' title='bbox 1197 1103 1356 1194; x_wconf 74' lang='lat' dir='ltr'><strong>salubria,</strong></span> 
     </span>
     <span class='ocr_line' id='line_1_7' title="bbox 354 1237 1354 1342; baseline 0.002 -28"><span class='ocrx_word' id='word_1_38' title='bbox 354 1253 396 1314; x_wconf 87' lang='lat' dir='ltr'><strong>et</strong></span> <span class='ocrx_word' id='word_1_39' title='bbox 418 1237 542 1316; x_wconf 82' lang='lat' dir='ltr'><strong>noxio</strong></span> <span class='ocrx_word' id='word_1_40' title='bbox 560 1261 705 1340; x_wconf 87' lang='lat' dir='ltr'><strong>genere</strong></span> <span class='ocrx_word' id='word_1_41' title='bbox 730 1239 963 1316; x_wconf 71' lang='lat' dir='ltr'><strong>animalium</strong></span> <span class='ocrx_word' id='word_1_42' title='bbox 985 1239 1153 1316; x_wconf 90' lang='lat' dir='ltr'><strong>minime</strong></span> <span class='ocrx_word' id='word_1_43' title='bbox 1175 1237 1354 1342; x_wconf 74' lang='lat' dir='ltr'><strong>frequent.</strong></span> 
     </span>
     <span class='ocr_line' id='line_1_8' title="bbox 318 1369 1356 1476; baseline 0.002 -28"><span class='ocrx_word' id='word_1_44' title='bbox 318 1374 503 1457; x_wconf 76' lang='lat' dir='ltr'><strong>36entee</strong></span> <span class='ocrx_word' id='word_1_45' title='bbox 547 1369 757 1476; x_wconf 80' lang='lat' dir='ltr'><strong>superbae,</strong></span> <span class='ocrx_word' id='word_1_46' title='bbox 805 1370 1108 1476; x_wconf 84' lang='lat' dir='ltr'><strong>superstitiosae,</strong></span> <span class='ocrx_word' id='word_1_47' title='bbox 1137 1371 1356 1474; x_wconf 76' lang='lat' dir='ltr'><strong>¹aliquando</strong></span> 
     </span>
     <span class='ocr_line' id='line_1_9' title="bbox 353 1507 1355 1626; baseline 0.002 -42"><span class='ocrx_word' id='word_1_48' title='bbox 353 1507 473 1584; x_wconf 87' lang='lat' dir='ltr'><strong>etiarn</strong></span> <span class='ocrx_word' id='word_1_49' title='bbox 503 1508 695 1626; x_wconf 72' lang='lat' dir='ltr'><strong>immanes</strong></span> <span class='ocrx_word' id='word_1_50' title='bbox 719 1507 840 1600; x_wconf 87' lang='lat' dir='ltr'><strong>adeo,</strong></span> <span class='ocrx_word' id='word_1_51' title='bbox 874 1525 922 1587; x_wconf 90' lang='lat' dir='ltr'><strong>ut</strong></span> <span class='ocrx_word' id='word_1_52' title='bbox 947 1508 1157 1588; x_wconf 86' lang='lat' dir='ltr'><strong>hominem</strong></span> <span class='ocrx_word' id='word_1_53' title='bbox 1182 1511 1355 1612; x_wconf 84' lang='lat' dir='ltr'><strong>optimam</strong></span> 
     </span>
     <span class='ocr_line' id='line_1_10' title="bbox 352 1640 1356 1745; baseline 0.002 -25"><span class='ocrx_word' id='word_1_54' title='bbox 352 1657 393 1720; x_wconf 87' lang='lat' dir='ltr'><strong>et</strong></span> <span class='ocrx_word' id='word_1_55' title='bbox 415 1640 661 1745; x_wconf 83' lang='lat' dir='ltr'><strong>gratiffimam</strong></span> <span class='ocrx_word' id='word_1_56' title='bbox 683 1645 775 1722; x_wconf 77' lang='lat' dir='ltr'><strong>Diis</strong></span> <span class='ocrx_word' id='word_1_57' title='bbox 796 1645 1001 1722; x_wconf 84' lang='lat' dir='ltr'><strong>victimam</strong></span> <span class='ocrx_word' id='word_1_58' title='bbox 1028 1643 1243 1722; x_wconf 79' lang='lat' dir='ltr'><strong>caederent.</strong></span> <span class='ocrx_word' id='word_1_59' title='bbox 1281 1647 1356 1722; x_wconf 79' lang='lat' dir='ltr'><strong>Ma·</strong></span> 
     </span>
     <span class='ocr_line' id='line_1_11' title="bbox 350 1775 1355 1885; baseline -0.006 -26"><span class='ocrx_word' id='word_1_60' title='bbox 350 1792 451 1885; x_wconf 72' lang='lat' dir='ltr'><strong>nent</strong></span> <span class='ocrx_word' id='word_1_61' title='bbox 473 1775 637 1880; x_wconf 80' lang='lat' dir='ltr'><strong>vestigia</strong></span> <span class='ocrx_word' id='word_1_62' title='bbox 662 1775 829 1858; x_wconf 74' lang='lat' dir='ltr'><strong>feritatis</strong></span> <span class='ocrx_word' id='word_1_63' title='bbox 852 1779 933 1856; x_wconf 87' lang='lat' dir='ltr'><strong>iarn</strong></span> <span class='ocrx_word' id='word_1_64' title='bbox 953 1780 1143 1870; x_wconf 85' lang='lat' dir='ltr'><strong>abolitae,</strong></span> <span class='ocrx_word' id='word_1_65' title='bbox 1185 1794 1296 1878; x_wconf 83' lang='lat' dir='ltr'><strong>atque</strong></span> <span class='ocrx_word' id='word_1_66' title='bbox 1317 1791 1355 1854; x_wconf 89' lang='lat' dir='ltr'><strong>ut</strong></span> 
     </span>
     <span class='ocr_line' id='line_1_12' title="bbox 351 1903 1355 2026; baseline -0.001 -33"><span class='ocrx_word' id='word_1_67' title='bbox 351 1913 401 1993; x_wconf 80' lang='lat' dir='ltr'><strong>ab</strong></span> <span class='ocrx_word' id='word_1_68' title='bbox 417 1903 582 1992; x_wconf 82' lang='lat' dir='ltr'><strong>‘ultimis</strong></span> <span class='ocrx_word' id='word_1_69' title='bbox 606 1911 791 1990; x_wconf 75' lang='lat' dir='ltr'><strong>caedibus</strong></span> <span class='ocrx_word' id='word_1_70' title='bbox 813 1927 1052 2014; x_wconf 84' lang='lat' dir='ltr'><strong>temperant,</strong></span> <span class='ocrx_word' id='word_1_71' title='bbox 1088 1917 1143 1990; x_wconf 89' lang='lat' dir='ltr'><strong>ita</strong></span> <span class='ocrx_word' id='word_1_72' title='bbox 1167 1914 1355 2026; x_wconf 76' lang='lat' dir='ltr'><strong>nihiloni-</strong></span> 
     </span>
     <span class='ocr_line' id='line_1_13' title="bbox 349 2045 1356 2140; baseline -0.003 -14"><span class='ocrx_word' id='word_1_73' title='bbox 349 2071 451 2138; x_wconf 83' lang='lat' dir='ltr'><strong>nue,</strong></span> <span class='ocrx_word' id='word_1_74' title='bbox 489 2046 563 2124; x_wconf 90' lang='lat' dir='ltr'><strong>ubi</strong></span> <span class='ocrx_word' id='word_1_75' title='bbox 587 2045 757 2124; x_wconf 79' lang='lat' dir='ltr'><strong>devotos</strong></span> <span class='ocrx_word' id='word_1_76' title='bbox 786 2048 972 2126; x_wconf 82' lang='lat' dir='ltr'><strong>altaribus</strong></span> <span class='ocrx_word' id='word_1_77' title='bbox 1001 2047 1237 2140; x_wconf 85' lang='lat' dir='ltr'><strong>admovere,</strong></span> <span class='ocrx_word' id='word_1_78' title='bbox 1271 2047 1356 2124; x_wconf 90' lang='lat' dir='ltr'><strong>deli·</strong></span> 
     </span>
     <span class='ocr_line' id='line_1_14' title="bbox 350 2180 1356 2272; baseline -0.004 -10"><span class='ocrx_word' id='word_1_79' title='bbox 350 2183 456 2262; x_wconf 81' lang='lat' dir='ltr'><strong>bant</strong></span> <span class='ocrx_word' id='word_1_80' title='bbox 501 2180 659 2258; x_wconf 86' lang='lat' dir='ltr'><strong>Habent</strong></span> <span class='ocrx_word' id='word_1_81' title='bbox 679 2198 811 2260; x_wconf 86' lang='lat' dir='ltr'><strong>tamen</strong></span> <span class='ocrx_word' id='word_1_82' title='bbox 830 2198 870 2260; x_wconf 91' lang='lat' dir='ltr'><strong>et</strong></span> <span class='ocrx_word' id='word_1_83' title='bbox 891 2181 1121 2262; x_wconf 78' lang='lat' dir='ltr'><strong>facundiam</strong></span> <span class='ocrx_word' id='word_1_84' title='bbox 1140 2182 1262 2272; x_wconf 88' lang='lat' dir='ltr'><strong>suam,</strong></span> <span class='ocrx_word' id='word_1_85' title='bbox 1287 2206 1356 2258; x_wconf 90' lang='lat' dir='ltr'><strong>ma·</strong></span> 
     </span>
     <span class='ocr_line' id='line_1_15' title="bbox 350 2313 1356 2422; baseline -0.003 -27"><span class='ocrx_word' id='word_1_86' title='bbox 350 2316 571 2422; x_wconf 81' lang='lat' dir='ltr'><strong>gistroeque</strong></span> <span class='ocrx_word' id='word_1_87' title='bbox 613 2313 826 2420; x_wconf 83' lang='lat' dir='ltr'><strong>sapientiae</strong></span> <span class='ocrx_word' id='word_1_88' title='bbox 870 2315 1057 2397; x_wconf 76' lang='lat' dir='ltr'><strong>Druidas.</strong></span> <span class='ocrx_word' id='word_1_89' title='bbox 1140 2322 1198 2396; x_wconf 88' lang='lat' dir='ltr'><strong>Hi</strong></span> <span class='ocrx_word' id='word_1_90' title='bbox 1228 2323 1356 2396; x_wconf 84' lang='lat' dir='ltr'><strong>Terrae</strong></span> 
     </span>
     <span class='ocr_line' id='line_1_16' title="bbox 311 2437 1357 2554; baseline -0.006 -21"><span class='ocrx_word' id='word_1_91' title='bbox 311 2437 314 2446; x_wconf 43' lang='lat'>¹</span> <span class='ocrx_word' id='word_1_92' title='bbox 349 2451 581 2553; x_wconf 89' lang='lat' dir='ltr'><strong>Mundique</strong></span> <span class='ocrx_word' id='word_1_93' title='bbox 605 2449 923 2554; x_wconf 77' lang='lat' dir='ltr'><strong>magnitudinem</strong></span> <span class='ocrx_word' id='word_1_94' title='bbox 944 2467 984 2526; x_wconf 91' lang='lat' dir='ltr'><strong>et</strong></span> <span class='ocrx_word' id='word_1_95' title='bbox 1010 2450 1205 2545; x_wconf 85' lang='lat' dir='ltr'><strong>formam,</strong></span> <span class='ocrx_word' id='word_1_96' title='bbox 1238 2467 1357 2532; x_wconf 80' lang='lat' dir='ltr'><strong>mutue</strong></span> 
     </span>
     <span class='ocr_line' id='line_1_17' title="bbox 350 2584 1356 2688; baseline -0.005 -24"><span class='ocrx_word' id='word_1_97' title='bbox 350 2589 454 2667; x_wconf 89' lang='lat' dir='ltr'><strong>coeli</strong></span> <span class='ocrx_word' id='word_1_98' title='bbox 479 2613 524 2662; x_wconf 89' lang='lat' dir='ltr'><strong>ac</strong></span> <span class='ocrx_word' id='word_1_99' title='bbox 548 2585 741 2680; x_wconf 88' lang='lat' dir='ltr'><strong>siderum,</strong></span> <span class='ocrx_word' id='word_1_100' title='bbox 776 2602 836 2680; x_wconf 92' lang='lat' dir='ltr'><strong>et,</strong></span> <span class='ocrx_word' id='word_1_101' title='bbox 864 2585 967 2688; x_wconf 88' lang='lat' dir='ltr'><strong>quid</strong></span> <span class='ocrx_word' id='word_1_102' title='bbox 993 2589 1066 2666; x_wconf 93' lang='lat' dir='ltr'><strong>Dii</strong></span> <span class='ocrx_word' id='word_1_103' title='bbox 1096 2589 1246 2678; x_wconf 87' lang='lat' dir='ltr'><strong>velint,</strong></span> <span class='ocrx_word' id='word_1_104' title='bbox 1271 2584 1356 2662; x_wconf 85' lang='lat' dir='ltr'><strong>scire</strong></span> 
     </span>
     <span class='ocr_line' id='line_1_18' title="bbox 347 2717 1355 2828; baseline -0.004 -28"><span class='ocrx_word' id='word_1_105' title='bbox 347 2717 599 2828; x_wconf 79' lang='lat' dir='ltr'><strong>profitentur.</strong></span> <span class='ocrx_word' id='word_1_106' title='bbox 645 2727 803 2802; x_wconf 83' lang='lat' dir='ltr'><strong>Doceat</strong></span> <span class='ocrx_word' id='word_1_107' title='bbox 816 2723 943 2800; x_wconf 81' lang='lat' dir='ltr'><strong>multa</strong></span> <span class='ocrx_word' id='word_1_108' title='bbox 965 2720 1224 2802; x_wconf 80' lang='lat' dir='ltr'><strong>nobiliffimos</strong></span> <span class='ocrx_word' id='word_1_109' title='bbox 1242 2720 1355 2824; x_wconf 70' lang='lat' dir='ltr'><strong>gentis</strong></span> 
     </span>
     <span class='ocr_line' id='line_1_19' title="bbox 348 2831 1356 2960; baseline -0.005 -26"><span class='ocrx_word' id='word_1_110' title='bbox 348 2858 451 2938; x_wconf 84' lang='lat' dir='ltr'><strong>clam</strong></span> <span class='ocrx_word' id='word_1_111' title='bbox 465 2873 505 2944; x_wconf 86' lang='lat' dir='ltr'><strong>et</strong></span> <span class='ocrx_word' id='word_1_112' title='bbox 522 2856 615 2948; x_wconf 91' lang='lat' dir='ltr'><strong>diu,</strong></span> <span class='ocrx_word' id='word_1_113' title='bbox 652 2859 805 2936; x_wconf 78' lang='lat' dir='ltr'><strong>vicenis</strong></span> <span class='ocrx_word' id='word_1_114' title='bbox 821 2831 952 2949; x_wconf 80' lang='lat' dir='ltr'><strong>annis,</strong></span> <span class='ocrx_word' id='word_1_115' title='bbox 984 2859 1116 2934; x_wconf 84' lang='lat' dir='ltr'><strong>autin</strong></span> <span class='ocrx_word' id='word_1_116' title='bbox 1135 2855 1273 2960; x_wconf 84' lang='lat' dir='ltr'><strong>specu,</strong></span> <span class='ocrx_word' id='word_1_117' title='bbox 1298 2867 1356 2932; x_wconf 81' lang='lat' dir='ltr'><strong>cut</strong></span> 
     </span>
     <span class='ocr_line' id='line_1_20' title="bbox 346 2991 1356 3095; baseline -0.004 -25"><span class='ocrx_word' id='word_1_118' title='bbox 346 2995 392 3070; x_wconf 92' lang='lat' dir='ltr'><strong>in</strong></span> <span class='ocrx_word' id='word_1_119' title='bbox 407 2993 549 3072; x_wconf 80' lang='lat' dir='ltr'><strong>abditis</strong></span> <span class='ocrx_word' id='word_1_120' title='bbox 567 2991 740 3070; x_wconf 81' lang='lat' dir='ltr'><strong>saltibus.</strong></span> <span class='ocrx_word' id='word_1_121' title='bbox 798 2994 938 3069; x_wconf 90' lang='lat' dir='ltr'><strong>Unum</strong></span> <span class='ocrx_word' id='word_1_122' title='bbox 954 3016 1003 3068; x_wconf 83' lang='lat' dir='ltr'><strong>ex</strong></span> <span class='ocrx_word' id='word_1_123' title='bbox 1017 2991 1100 3083; x_wconf 81' lang='lat' dir='ltr'><strong>hie,</strong></span> <span class='ocrx_word' id='word_1_124' title='bbox 1134 3017 1238 3095; x_wconf 81' lang='lat' dir='ltr'><strong>quae</strong></span> <span class='ocrx_word' id='word_1_125' title='bbox 1258 3013 1356 3095; x_wconf 87' lang='lat' dir='ltr'><strong>prae·</strong></span> 
     </span>
     <span class='ocr_line' id='line_1_21' title="bbox 347 3122 1356 3230; baseline -0.002 -28"><span class='ocrx_word' id='word_1_126' title='bbox 347 3129 523 3230; x_wconf 89' lang='lat' dir='ltr'><strong>cipiunt,</strong></span> <span class='ocrx_word' id='word_1_127' title='bbox 549 3134 596 3204; x_wconf 91' lang='lat' dir='ltr'><strong>in</strong></span> <span class='ocrx_word' id='word_1_128' title='bbox 617 3127 765 3228; x_wconf 70' lang='lat' dir='ltr'><strong>vulgm</strong></span> <span class='ocrx_word' id='word_1_129' title='bbox 791 3123 966 3218; x_wconf 86' lang='lat' dir='ltr'><strong>effluxit,</strong></span> <span class='ocrx_word' id='word_1_130' title='bbox 994 3125 1203 3218; x_wconf 83' lang='lat' dir='ltr'><strong>videlicet,</strong></span> <span class='ocrx_word' id='word_1_131' title='bbox 1233 3143 1280 3205; x_wconf 86' lang='lat' dir='ltr'><strong>ut</strong></span> <span class='ocrx_word' id='word_1_132' title='bbox 1303 3122 1356 3201; x_wconf 86' lang='lat' dir='ltr'><strong>so·</strong></span> 
     </span>
     <span class='ocr_line' id='line_1_22' title="bbox 345 3258 1355 3356; baseline -0.004 -17"><span class='ocrx_word' id='word_1_133' title='bbox 345 3275 438 3339; x_wconf 86' lang='lat' dir='ltr'><strong>rent</strong></span> <span class='ocrx_word' id='word_1_134' title='bbox 468 3261 518 3338; x_wconf 84' lang='lat' dir='ltr'><strong>ad</strong></span> <span class='ocrx_word' id='word_1_135' title='bbox 540 3261 644 3339; x_wconf 80' lang='lat' dir='ltr'><strong>bellu</strong></span> <span class='ocrx_word' id='word_1_136' title='bbox 669 3263 874 3356; x_wconf 80' lang='lat' dir='ltr'><strong>meliores,</strong></span> <span class='ocrx_word' id='word_1_137' title='bbox 911 3278 1084 3339; x_wconf 82' lang='lat' dir='ltr'><strong>aeternae</strong></span> <span class='ocrx_word' id='word_1_138' title='bbox 1108 3258 1183 3338; x_wconf 87' lang='lat' dir='ltr'><strong>else</strong></span> <span class='ocrx_word' id='word_1_139' title='bbox 1208 3264 1355 3347; x_wconf 78' lang='lat' dir='ltr'><strong>animas,</strong></span> 
     </span>
     <span class='ocr_line' id='line_1_23' title="bbox 345 3395 1356 3499; baseline 0 -26"><span class='ocrx_word' id='word_1_140' title='bbox 345 3395 553 3499; x_wconf 87' lang='lat' dir='ltr'><strong>vitamque</strong></span> <span class='ocrx_word' id='word_1_141' title='bbox 593 3396 756 3474; x_wconf 86' lang='lat' dir='ltr'><strong>alteram</strong></span> <span class='ocrx_word' id='word_1_142' title='bbox 789 3397 841 3474; x_wconf 88' lang='lat' dir='ltr'><strong>ad</strong></span> <span class='ocrx_word' id='word_1_143' title='bbox 876 3421 1021 3475; x_wconf 83' lang='lat' dir='ltr'><strong>manes.</strong></span> <span class='ocrx_word' id='word_1_144' title='bbox 1100 3399 1239 3498; x_wconf 87' lang='lat' dir='ltr'><strong>Itaque</strong></span> <span class='ocrx_word' id='word_1_145' title='bbox 1274 3417 1356 3473; x_wconf 88' lang='lat' dir='ltr'><strong>cum</strong></span> 
     </span>
     <span class='ocr_line' id='line_1_24' title="bbox 344 3530 1354 3634; baseline 0.001 -27"><span class='ocrx_word' id='word_1_146' title='bbox 344 3535 513 3610; x_wconf 80' lang='lat' dir='ltr'><strong>mortuis</strong></span> <span class='ocrx_word' id='word_1_147' title='bbox 534 3547 709 3610; x_wconf 89' lang='lat' dir='ltr'><strong>cremant</strong></span> <span class='ocrx_word' id='word_1_148' title='bbox 722 3558 765 3608; x_wconf 85' lang='lat' dir='ltr'><strong>ac</strong></span> <span class='ocrx_word' id='word_1_149' title='bbox 785 3530 1001 3610; x_wconf 85' lang='lat' dir='ltr'><strong>defodiunt</strong></span> <span class='ocrx_word' id='word_1_150' title='bbox 1016 3545 1104 3634; x_wconf 81' lang='lat' dir='ltr'><strong>epta</strong></span> <span class='ocrx_word' id='word_1_151' title='bbox 1123 3530 1354 3609; x_wconf 78' lang='lat' dir='ltr'><strong>viventibus·</strong></span> 
     </span>
     <span class='ocr_line' id='line_1_25' title="bbox 343 3667 1355 3770; baseline -0.003 -28"><span class='ocrx_word' id='word_1_152' title='bbox 343 3667 453 3744; x_wconf 87' lang='lat' dir='ltr'><strong>Olim</strong></span> <span class='ocrx_word' id='word_1_153' title='bbox 475 3670 731 3770; x_wconf 85' lang='lat' dir='ltr'><strong>negotiorum</strong></span> <span class='ocrx_word' id='word_1_154' title='bbox 755 3669 857 3745; x_wconf 85' lang='lat' dir='ltr'><strong>ratio</strong></span> <span class='ocrx_word' id='word_1_155' title='bbox 889 3669 1008 3746; x_wconf 86' lang='lat' dir='ltr'><strong>etiam</strong></span> <span class='ocrx_word' id='word_1_156' title='bbox 1035 3681 1076 3743; x_wconf 84' lang='lat' dir='ltr'><strong>et</strong></span> <span class='ocrx_word' id='word_1_157' title='bbox 1103 3667 1255 3743; x_wconf 84' lang='lat' dir='ltr'><strong>exactio</strong></span> <span class='ocrx_word' id='word_1_158' title='bbox 1282 3687 1355 3740; x_wconf 88' lang='lat' dir='ltr'><strong>cre·</strong></span> 
     </span>
     <span class='ocr_line' id='line_1_26' title="bbox 341 3793 1357 3906; baseline -0.006 -28"><span class='ocrx_word' id='word_1_159' title='bbox 341 3799 419 3878; x_wconf 86' lang='lat' dir='ltr'><strong>diti</strong></span> <span class='ocrx_word' id='word_1_160' title='bbox 440 3799 691 3880; x_wconf 86' lang='lat' dir='ltr'><strong>deferebatur</strong></span> <span class='ocrx_word' id='word_1_161' title='bbox 709 3802 762 3882; x_wconf 91' lang='lat' dir='ltr'><strong>ad</strong></span> <span class='ocrx_word' id='word_1_162' title='bbox 783 3800 955 3881; x_wconf 80' lang='lat' dir='ltr'><strong>inferos:</strong></span> <span class='ocrx_word' id='word_1_163' title='bbox 996 3817 1199 3906; x_wconf 85' lang='lat' dir='ltr'><strong>erantque,</strong></span> <span class='ocrx_word' id='word_1_164' title='bbox 1228 3801 1300 3900; x_wconf 88' lang='lat' dir='ltr'><strong>qui</strong></span> <span class='ocrx_word' id='word_1_165' title='bbox 1321 3793 1357 3872; x_wconf 89' lang='lat' dir='ltr'><strong>se</strong></span> 
     </span>
     <span class='ocr_line' id='line_1_27' title="bbox 342 3935 1356 4040; baseline -0.006 -24"><span class='ocrx_word' id='word_1_166' title='bbox 342 3939 388 4015; x_wconf 92' lang='lat' dir='ltr'><strong>iu</strong></span> <span class='ocrx_word' id='word_1_167' title='bbox 405 3963 525 4040; x_wconf 82' lang='lat' dir='ltr'><strong>rogos</strong></span> <span class='ocrx_word' id='word_1_168' title='bbox 540 3935 729 4027; x_wconf 85' lang='lat' dir='ltr'><strong>suornm,</strong></span> <span class='ocrx_word' id='word_1_169' title='bbox 756 3939 873 4016; x_wconf 81' lang='lat' dir='ltr'><strong>velut</strong></span> <span class='ocrx_word' id='word_1_170' title='bbox 894 3961 976 4016; x_wconf 82' lang='lat' dir='ltr'><strong>nna</strong></span> <span class='ocrx_word' id='word_1_171' title='bbox 997 3939 1163 4028; x_wconf 80' lang='lat' dir='ltr'><strong>victuri,</strong></span> <span class='ocrx_word' id='word_1_172' title='bbox 1195 3936 1356 4013; x_wconf 86' lang='lat' dir='ltr'><strong>libenter</strong></span> 
     </span>
     <span class='ocr_line' id='line_1_28' title="bbox 307 4068 1357 4178; baseline 0 -28"><span class='ocrx_word' id='word_1_173' title='bbox 307 4073 611 4175; x_wconf 70' lang='lat' dir='ltr'><strong>aimmitterent</strong></span> <span class='ocrx_word' id='word_1_174' title='bbox 666 4074 820 4178; x_wconf 74' lang='lat' dir='ltr'><strong>Regio,</strong></span> <span class='ocrx_word' id='word_1_175' title='bbox 850 4098 972 4178; x_wconf 78' lang='lat' dir='ltr'><strong>quem</strong></span> <span class='ocrx_word' id='word_1_176' title='bbox 999 4073 1205 4167; x_wconf 87' lang='lat' dir='ltr'><strong>incolunt,</strong></span> <span class='ocrx_word' id='word_1_177' title='bbox 1233 4068 1357 4152; x_wconf 73' lang='lat' dir='ltr'><strong>omnis</strong></span> 
     </span>
    </p>
   </div>
   <div class='ocr_carea' id='block_1_3' title="bbox 0 0 1412 4920">
    <p class='ocr_par' dir='ltr' id='par_1_4' title="bbox 0 0 1412 4920">
     <span class='ocr_line' id='line_1_29' title="bbox 0 0 1412 4920; baseline 0 1"><span class='ocrx_word' id='word_1_178' title='bbox 0 0 1412 4920; x_wconf 95' lang='lat' dir='ltr'><strong> </strong></span> 
     </span>
    </p>
   </div>
  </div>
 </body>
</html>
