<?xml version="1.0" encoding="UTF-8"?>
<!DOCTYPE html PUBLIC "-//W3C//DTD XHTML 1.0 Transitional//EN"
    "http://www.w3.org/TR/xhtml1/DTD/xhtml1-transitional.dtd">
<html xmlns="http://www.w3.org/1999/xhtml" xml:lang="en" lang="en">
 <head>
  <title>
</title>
<meta http-equiv="Content-Type" content="text/html;charset=utf-8" />
  <meta name='ocr-system' content='tesseract 3.04.00' />
  <meta name='ocr-capabilities' content='ocr_page ocr_carea ocr_par ocr_line ocrx_word'/>
</head>
<body>
  <div class='ocr_page' id='page_1' title='image "./pomponiimelaede01melagoog_0028.png"; bbox 0 0 2856 4926; ppageno 0'>
   <div class='ocr_carea' id='block_1_1' title="bbox 269 397 1068 474">
    <p class='ocr_par' dir='ltr' id='par_1_1' title="bbox 269 397 1068 474">
     <span class='ocr_line' id='line_1_1' title="bbox 269 397 1068 474; baseline -0.011 -3"><span class='ocrx_word' id='word_1_1' title='bbox 269 421 345 474; x_wconf 77' lang='lat' dir='ltr'><strong>xlv</strong></span> <span class='ocrx_word' id='word_1_2' title='bbox 511 403 575 462; x_wconf 85' lang='lat' dir='ltr'><strong>DE</strong></span> <span class='ocrx_word' id='word_1_3' title='bbox 615 397 886 464; x_wconf 73' lang='lat' dir='ltr'><strong>rottromc·</strong></span> <span class='ocrx_word' id='word_1_4' title='bbox 931 397 1068 464; x_wconf 72' lang='lat' dir='ltr'><strong>MELA&#39;</strong></span> 
     </span>
    </p>
   </div>
   <div class='ocr_carea' id='block_1_2' title="bbox 256 567 1428 914">
    <p class='ocr_par' dir='ltr' id='par_1_2' title="bbox 256 567 1428 914">
     <span class='ocr_line' id='line_1_2' title="bbox 256 567 1414 671; baseline -0.003 -24"><span class='ocrx_word' id='word_1_5' title='bbox 256 597 264 612; x_wconf 63' lang='lat'>⁸</span> <span class='ocrx_word' id='word_1_6' title='bbox 346 569 425 671; x_wconf 87' lang='lat' dir='ltr'><strong>Ipse</strong></span> <span class='ocrx_word' id='word_1_7' title='bbox 453 575 495 642; x_wconf 77' lang='lat' dir='ltr'><strong>de</strong></span> <span class='ocrx_word' id='word_1_8' title='bbox 526 568 609 644; x_wconf 74' lang='lat' dir='ltr'><strong>crite</strong></span> <span class='ocrx_word' id='word_1_9' title='bbox 628 575 703 670; x_wconf 85' lang='lat' dir='ltr'><strong>fitu</strong></span> <span class='ocrx_word' id='word_1_10' title='bbox 727 570 763 642; x_wconf 90' lang='lat' dir='ltr'><strong>se</strong></span> <span class='ocrx_word' id='word_1_11' title='bbox 789 567 975 642; x_wconf 86' lang='lat' dir='ltr'><strong>dicturum</strong></span> <span class='ocrx_word' id='word_1_12' title='bbox 999 569 1041 642; x_wconf 85' lang='lat' dir='ltr'><strong>in</strong></span> <span class='ocrx_word' id='word_1_13' title='bbox 1070 568 1174 646; x_wconf 84' lang='lat' dir='ltr'><strong>aditu</strong></span> <span class='ocrx_word' id='word_1_14' title='bbox 1198 572 1327 670; x_wconf 77' lang='lat' dir='ltr'><strong>oper-ie</strong></span> <span class='ocrx_word' id='word_1_15' title='bbox 1410 606 1414 610; x_wconf 92' lang='grc'><em>·</em></span> 
     </span>
     <span class='ocr_line' id='line_1_3' title="bbox 272 690 1428 794; baseline -0.009 -24"><span class='ocrx_word' id='word_1_16' title='bbox 272 695 462 783; x_wconf 83' lang='lat' dir='ltr'><strong>adfirmat,</strong></span> <span class='ocrx_word' id='word_1_17' title='bbox 494 717 588 790; x_wconf 87' lang='lat' dir='ltr'><strong>quae</strong></span> <span class='ocrx_word' id='word_1_18' title='bbox 613 710 649 765; x_wconf 91' lang='lat' dir='ltr'><strong>et</strong></span> <span class='ocrx_word' id='word_1_19' title='bbox 670 690 772 764; x_wconf 85' lang='lat' dir='ltr'><strong>causa</strong></span> <span class='ocrx_word' id='word_1_20' title='bbox 800 690 965 779; x_wconf 86' lang='lat' dir='ltr'><strong>videtur,</strong></span> <span class='ocrx_word' id='word_1_21' title='bbox 1002 715 1068 764; x_wconf 88' lang='lat' dir='ltr'><strong>cur</strong></span> <span class='ocrx_word' id='word_1_22' title='bbox 1089 716 1110 764; x_wconf 86' lang='lat' dir='ltr'><strong>a</strong></span> <span class='ocrx_word' id='word_1_23' title='bbox 1134 693 1325 794; x_wconf 77' lang='lat' dir='ltr'><strong>plerisque</strong></span> <span class='ocrx_word' id='word_1_24' title='bbox 1402 734 1428 760; x_wconf 65' lang='grc'><strong>.«</strong></span> 
     </span>
     <span class='ocr_line' id='line_1_4' title="bbox 271 807 1425 914; baseline -0.009 -21"><span class='ocrx_word' id='word_1_25' title='bbox 271 820 362 893; x_wconf 87' lang='lat' dir='ltr'><strong>haec</strong></span> <span class='ocrx_word' id='word_1_26' title='bbox 379 811 566 913; x_wconf 82' lang='lat' dir='ltr'><strong>inscriptio</strong></span> <span class='ocrx_word' id='word_1_27' title='bbox 585 809 739 914; x_wconf 83' lang='lat' dir='ltr'><strong>probata</strong></span> <span class='ocrx_word' id='word_1_28' title='bbox 757 808 870 886; x_wconf 84' lang='lat' dir='ltr'><strong>fuerit</strong></span> <span class='ocrx_word' id='word_1_29' title='bbox 892 829 929 886; x_wconf 87' lang='lat' dir='ltr'><strong>et</strong></span> <span class='ocrx_word' id='word_1_30' title='bbox 946 830 1102 909; x_wconf 88' lang='lat' dir='ltr'><strong>recepta.</strong></span> <span class='ocrx_word' id='word_1_31' title='bbox 1419 807 1425 823; x_wconf 86' lang='lat'>&#39;</span> 
     </span>
    </p>
   </div>
   <div class='ocr_carea' id='block_1_3' title="bbox 234 1057 1427 2952">
    <p class='ocr_par' dir='ltr' id='par_1_3' title="bbox 234 1057 1427 2952">
     <span class='ocr_line' id='line_1_5' title="bbox 347 1057 1424 1158; baseline -0.004 -22"><span class='ocrx_word' id='word_1_32' title='bbox 347 1059 506 1136; x_wconf 90' lang='lat' dir='ltr'><strong>Librum</strong></span> <span class='ocrx_word' id='word_1_33' title='bbox 519 1075 643 1134; x_wconf 87' lang='lat' dir='ltr'><strong>autern</strong></span> <span class='ocrx_word' id='word_1_34' title='bbox 660 1059 848 1158; x_wconf 83' lang='lat' dir='ltr'><strong>integrum</strong></span> <span class='ocrx_word' id='word_1_35' title='bbox 863 1074 900 1130; x_wconf 91' lang='lat' dir='ltr'><strong>et</strong></span> <span class='ocrx_word' id='word_1_36' title='bbox 913 1057 1144 1132; x_wconf 87' lang='lat' dir='ltr'><strong>immutilato</strong></span> <span class='ocrx_word' id='word_1_37' title='bbox 1165 1081 1325 1156; x_wconf 82' lang='lat' dir='ltr'><strong>corpore</strong></span> <span class='ocrx_word' id='word_1_38' title='bbox 1408 1087 1424 1154; x_wconf 64' lang='lat' dir='ltr'>j</span> 
     </span>
     <span class='ocr_line' id='line_1_6' title="bbox 273 1171 1417 1276; baseline -0.006 -16"><span class='ocrx_word' id='word_1_39' title='bbox 273 1184 321 1260; x_wconf 83' lang='lat' dir='ltr'><strong>acl</strong></span> <span class='ocrx_word' id='word_1_40' title='bbox 340 1180 499 1258; x_wconf 78' lang='lat' dir='ltr'><strong>nostram</strong></span> <span class='ocrx_word' id='word_1_41' title='bbox 522 1199 676 1254; x_wconf 82' lang='lat' dir='ltr'><strong>aetatem</strong></span> <span class='ocrx_word' id='word_1_42' title='bbox 696 1175 911 1276; x_wconf 85' lang='lat' dir='ltr'><strong>pervenisse,</strong></span> <span class='ocrx_word' id='word_1_43' title='bbox 945 1197 982 1251; x_wconf 88' lang='lat' dir='ltr'><strong>et</strong></span> <span class='ocrx_word' id='word_1_44' title='bbox 1000 1171 1195 1254; x_wconf 74' lang='lat' dir='ltr'><strong>eiordium</strong></span> <span class='ocrx_word' id='word_1_45' title='bbox 1214 1180 1326 1254; x_wconf 83' lang='lat' dir='ltr'><strong>finie-</strong></span> <span class='ocrx_word' id='word_1_46' title='bbox 1410 1211 1417 1253; x_wconf 85' lang='lat'><strong>.·</strong></span> 
     </span>
     <span class='ocr_line' id='line_1_7' title="bbox 234 1299 1327 1405; baseline 0 -27"><span class='ocrx_word' id='word_1_47' title='bbox 234 1333 236 1340; x_wconf 69' lang='grc'>’</span> <span class='ocrx_word' id='word_1_48' title='bbox 272 1331 344 1405; x_wconf 87' lang='lat' dir='ltr'><strong>que</strong></span> <span class='ocrx_word' id='word_1_49' title='bbox 367 1322 404 1377; x_wconf 90' lang='lat' dir='ltr'><strong>et</strong></span> <span class='ocrx_word' id='word_1_50' title='bbox 426 1303 500 1402; x_wconf 83' lang='lat' dir='ltr'><strong>ipso</strong></span> <span class='ocrx_word' id='word_1_51' title='bbox 525 1301 744 1376; x_wconf 81' lang='lat' dir='ltr'><strong>narrationis</strong></span> <span class='ocrx_word' id='word_1_52' title='bbox 772 1299 878 1373; x_wconf 87' lang='lat' dir='ltr'><strong>series</strong></span> <span class='ocrx_word' id='word_1_53' title='bbox 899 1299 1047 1374; x_wconf 80' lang='lat' dir='ltr'><strong>videtur</strong></span> <span class='ocrx_word' id='word_1_54' title='bbox 1070 1302 1220 1390; x_wconf 87' lang='lat' dir='ltr'><strong>docere,</strong></span> <span class='ocrx_word' id='word_1_55' title='bbox 1255 1301 1327 1378; x_wconf 84' lang='lat' dir='ltr'><strong>etsi</strong></span> 
     </span>
     <span class='ocr_line' id='line_1_8' title="bbox 272 1418 1326 1523; baseline -0.006 -21"><span class='ocrx_word' id='word_1_56' title='bbox 272 1430 374 1518; x_wconf 87' lang='lat' dir='ltr'><strong>sunt,</strong></span> <span class='ocrx_word' id='word_1_57' title='bbox 408 1427 473 1523; x_wconf 91' lang='lat' dir='ltr'><strong>qui</strong></span> <span class='ocrx_word' id='word_1_58' title='bbox 494 1425 543 1512; x_wconf 73' lang='lat'><strong>²¹⁸)</strong></span> <span class='ocrx_word' id='word_1_59' title='bbox 560 1422 664 1496; x_wconf 86' lang='lat' dir='ltr'><strong>aliter</strong></span> <span class='ocrx_word' id='word_1_60' title='bbox 678 1418 845 1496; x_wconf 84' lang='lat' dir='ltr'><strong>statuant.</strong></span> <span class='ocrx_word' id='word_1_61' title='bbox 901 1427 969 1510; x_wconf 82' lang='lat' dir='ltr'><strong>At,</strong></span> <span class='ocrx_word' id='word_1_62' title='bbox 996 1423 1098 1519; x_wconf 87' lang='lat' dir='ltr'><strong>quorl</strong></span> <span class='ocrx_word' id='word_1_63' title='bbox 1113 1422 1326 1496; x_wconf 87' lang='lat' dir='ltr'><strong>dolendum</strong></span> 
     </span>
     <span class='ocr_line' id='line_1_9' title="bbox 272 1542 1328 1640; baseline -0.008 -16"><span class='ocrx_word' id='word_1_64' title='bbox 272 1547 332 1640; x_wconf 79' lang='lat' dir='ltr'><strong>est,</strong></span> <span class='ocrx_word' id='word_1_65' title='bbox 358 1549 410 1620; x_wconf 87' lang='lat' dir='ltr'><strong>ita</strong></span> <span class='ocrx_word' id='word_1_66' title='bbox 430 1572 451 1620; x_wconf 91' lang='lat' dir='ltr'><strong>a</strong></span> <span class='ocrx_word' id='word_1_67' title='bbox 469 1545 581 1619; x_wconf 85' lang='lat' dir='ltr'><strong>saevis</strong></span> <span class='ocrx_word' id='word_1_68' title='bbox 602 1542 862 1640; x_wconf 87' lang='lat' dir='ltr'><strong>imperitorum</strong></span> <span class='ocrx_word' id='word_1_69' title='bbox 887 1557 924 1616; x_wconf 88' lang='lat' dir='ltr'><strong>ct</strong></span> <span class='ocrx_word' id='word_1_70' title='bbox 947 1542 1185 1616; x_wconf 83' lang='lat' dir='ltr'><strong>barbarorum</strong></span> <span class='ocrx_word' id='word_1_71' title='bbox 1200 1545 1328 1616; x_wconf 88' lang='lat' dir='ltr'><strong>libra·</strong></span> 
     </span>
     <span class='ocr_line' id='line_1_10' title="bbox 271 1659 1326 1754; baseline -0.004 -10"><span class='ocrx_word' id='word_1_72' title='bbox 271 1671 415 1745; x_wconf 89' lang='lat' dir='ltr'><strong>riorum</strong></span> <span class='ocrx_word' id='word_1_73' title='bbox 436 1665 609 1740; x_wconf 83' lang='lat' dir='ltr'><strong>manibus</strong></span> <span class='ocrx_word' id='word_1_74' title='bbox 638 1681 794 1739; x_wconf 79' lang='lat' dir='ltr'><strong>vexante</strong></span> <span class='ocrx_word' id='word_1_75' title='bbox 821 1659 887 1754; x_wconf 85' lang='lat' dir='ltr'><strong>est,</strong></span> <span class='ocrx_word' id='word_1_76' title='bbox 922 1681 965 1735; x_wconf 92' lang='lat' dir='ltr'><strong>ut</strong></span> <span class='ocrx_word' id='word_1_77' title='bbox 991 1663 1118 1737; x_wconf 82' lang='lat' dir='ltr'><strong>misere</strong></span> <span class='ocrx_word' id='word_1_78' title='bbox 1146 1666 1326 1740; x_wconf 75' lang='lat' dir='ltr'><strong>disiectae</strong></span> 
     </span>
     <span class='ocr_line' id='line_1_11' title="bbox 272 1785 1427 1887; baseline -0.004 -21"><span class='ocrx_word' id='word_1_79' title='bbox 272 1793 523 1887; x_wconf 77' lang='lat' dir='ltr'><strong>distortueque</strong></span> <span class='ocrx_word' id='word_1_80' title='bbox 556 1787 597 1861; x_wconf 90' lang='lat' dir='ltr'><strong>in</strong></span> <span class='ocrx_word' id='word_1_81' title='bbox 628 1789 855 1885; x_wconf 90' lang='lat' dir='ltr'><strong>populorum</strong></span> <span class='ocrx_word' id='word_1_82' title='bbox 884 1785 1046 1858; x_wconf 87' lang='lat' dir='ltr'><strong>maxime</strong></span> <span class='ocrx_word' id='word_1_83' title='bbox 1078 1803 1117 1858; x_wconf 91' lang='lat' dir='ltr'><strong>et</strong></span> <span class='ocrx_word' id='word_1_84' title='bbox 1148 1789 1328 1861; x_wconf 89' lang='lat' dir='ltr'><strong>locorum</strong></span> <span class='ocrx_word' id='word_1_85' title='bbox 1417 1825 1427 1874; x_wconf 60' lang='lat' dir='ltr'><strong>r</strong></span> 
     </span>
     <span class='ocr_line' id='line_1_12' title="bbox 270 1903 1327 2005; baseline -0.008 -17"><span class='ocrx_word' id='word_1_86' title='bbox 270 1911 490 1988; x_wconf 78' lang='lat' dir='ltr'><strong>nominibus</strong></span> <span class='ocrx_word' id='word_1_87' title='bbox 520 1908 694 1982; x_wconf 87' lang='lat' dir='ltr'><strong>ultimam</strong></span> <span class='ocrx_word' id='word_1_88' title='bbox 717 1907 859 1980; x_wconf 83' lang='lat' dir='ltr'><strong>cladem</strong></span> <span class='ocrx_word' id='word_1_89' title='bbox 892 1903 1076 2005; x_wconf 83' lang='lat' dir='ltr'><strong>effugeret</strong></span> <span class='ocrx_word' id='word_1_90' title='bbox 1132 1915 1192 1982; x_wconf 87' lang='lat' dir='ltr'><strong>An</strong></span> <span class='ocrx_word' id='word_1_91' title='bbox 1216 1933 1327 2004; x_wconf 87' lang='lat' dir='ltr'><strong>prae·</strong></span> 
     </span>
     <span class='ocr_line' id='line_1_13' title="bbox 271 2007 1328 2126; baseline -0.004 -20"><span class='ocrx_word' id='word_1_92' title='bbox 271 2007 368 2106; x_wconf 86' lang='lat' dir='ltr'><strong>terea</strong></span> <span class='ocrx_word' id='word_1_93' title='bbox 400 2031 523 2104; x_wconf 78' lang='lat' dir='ltr'><strong>maius</strong></span> <span class='ocrx_word' id='word_1_94' title='bbox 555 2053 649 2126; x_wconf 84' lang='lat' dir='ltr'><strong>opus</strong></span> <span class='ocrx_word' id='word_1_95' title='bbox 687 2045 751 2100; x_wconf 86' lang='lat' dir='ltr'><strong>aut</strong></span> <span class='ocrx_word' id='word_1_96' title='bbox 780 2026 956 2124; x_wconf 85' lang='lat' dir='ltr'><strong>scripserit</strong></span> <span class='ocrx_word' id='word_1_97' title='bbox 988 2053 1089 2119; x_wconf 84' lang='lat' dir='ltr'><strong>vere,</strong></span> <span class='ocrx_word' id='word_1_98' title='bbox 1124 2047 1188 2102; x_wconf 81' lang='lat' dir='ltr'><strong>out</strong></span> <span class='ocrx_word' id='word_1_99' title='bbox 1218 2054 1328 2102; x_wconf 89' lang='lat' dir='ltr'><strong>com·</strong></span> 
     </span>
     <span class='ocr_line' id='line_1_14' title="bbox 271 2146 1326 2248; baseline -0.003 -20"><span class='ocrx_word' id='word_1_100' title='bbox 271 2171 459 2228; x_wconf 82' lang='lat' dir='ltr'><strong>mentetua</strong></span> <span class='ocrx_word' id='word_1_101' title='bbox 498 2147 560 2240; x_wconf 85' lang='lat' dir='ltr'><strong>sit,</strong></span> <span class='ocrx_word' id='word_1_102' title='bbox 599 2148 850 2246; x_wconf 84' lang='lat' dir='ltr'><strong>³)quaes1turn</strong></span> <span class='ocrx_word' id='word_1_103' title='bbox 882 2146 932 2222; x_wconf 87' lang='lat' dir='ltr'><strong>est</strong></span> <span class='ocrx_word' id='word_1_104' title='bbox 970 2166 1008 2222; x_wconf 88' lang='lat' dir='ltr'><strong>et</strong></span> <span class='ocrx_word' id='word_1_105' title='bbox 1039 2148 1268 2248; x_wconf 86' lang='lat' dir='ltr'><strong>disputatum</strong></span> <span class='ocrx_word' id='word_1_106' title='bbox 1298 2176 1326 2225; x_wconf 89' lang='lat' dir='ltr'><strong>a</strong></span> 
     </span>
     <span class='ocr_line' id='line_1_15' title="bbox 271 2259 1327 2369; baseline -0.001 -20"><span class='ocrx_word' id='word_1_107' title='bbox 271 2273 363 2349; x_wconf 83' lang='lat' dir='ltr'><strong>viris</strong></span> <span class='ocrx_word' id='word_1_108' title='bbox 391 2270 526 2361; x_wconf 79' lang='lat' dir='ltr'><strong>doctis,</strong></span> <span class='ocrx_word' id='word_1_109' title='bbox 568 2259 628 2342; x_wconf 89' lang='lat' dir='ltr'><strong>cui</strong></span> <span class='ocrx_word' id='word_1_110' title='bbox 650 2269 794 2344; x_wconf 81' lang='lat' dir='ltr'><strong>causam</strong></span> <span class='ocrx_word' id='word_1_111' title='bbox 817 2270 996 2344; x_wconf 84' lang='lat' dir='ltr'><strong>dederunt</strong></span> <span class='ocrx_word' id='word_1_112' title='bbox 1014 2272 1128 2346; x_wconf 85' lang='lat' dir='ltr'><strong>verba</strong></span> <span class='ocrx_word' id='word_1_113' title='bbox 1151 2273 1192 2344; x_wconf 89' lang='lat' dir='ltr'><strong>in</strong></span> <span class='ocrx_word' id='word_1_114' title='bbox 1218 2296 1327 2369; x_wconf 78' lang='lat' dir='ltr'><strong>prae-</strong></span> 
     </span>
     <span class='ocr_line' id='line_1_16' title="bbox 272 2388 1326 2487; baseline -0.002 -20"><span class='ocrx_word' id='word_1_115' title='bbox 272 2393 413 2469; x_wconf 81' lang='lat' dir='ltr'><strong>satione</strong></span> <span class='ocrx_word' id='word_1_116' title='bbox 452 2388 588 2487; x_wconf 78' lang='lat' dir='ltr'><strong>polita:</strong></span> <span class='ocrx_word' id='word_1_117' title='bbox 640 2399 764 2462; x_wconf 77' lang='lat' dir='ltr'><strong>Dicam</strong></span> <span class='ocrx_word' id='word_1_118' title='bbox 811 2413 918 2463; x_wconf 82' lang='lat' dir='ltr'><strong>nutem</strong></span> <span class='ocrx_word' id='word_1_119' title='bbox 955 2399 1040 2464; x_wconf 82' lang='lat' dir='ltr'><strong>ulios</strong></span> <span class='ocrx_word' id='word_1_120' title='bbox 1072 2400 1168 2482; x_wconf 84' lang='lat' dir='ltr'><strong>plura</strong></span> <span class='ocrx_word' id='word_1_121' title='bbox 1199 2413 1233 2463; x_wconf 85' lang='lat' dir='ltr'><strong>et</strong></span> <span class='ocrx_word' id='word_1_122' title='bbox 1265 2421 1326 2465; x_wconf 82' lang='lat' dir='ltr'><strong>eec-</strong></span> 
     </span>
     <span class='ocr_line' id='line_1_17' title="bbox 271 2513 1328 2609; baseline 0.001 -23"><span class='ocrx_word' id='word_1_123' title='bbox 271 2523 397 2593; x_wconf 79' lang='lat' dir='ltr'><strong>aetr&#39;us.</strong></span> <span class='ocrx_word' id='word_1_124' title='bbox 431 2536 524 2609; x_wconf 86' lang='lat' dir='ltr'><strong>quae</strong></span> <span class='ocrx_word' id='word_1_125' title='bbox 555 2529 679 2584; x_wconf 89' lang='lat' dir='ltr'><strong>tamen</strong></span> <span class='ocrx_word' id='word_1_126' title='bbox 710 2513 906 2585; x_wconf 87' lang='lat' dir='ltr'><strong>commode</strong></span> <span class='ocrx_word' id='word_1_127' title='bbox 935 2514 981 2585; x_wconf 88' lang='lat' dir='ltr'><strong>ad</strong></span> <span class='ocrx_word' id='word_1_128' title='bbox 1018 2513 1225 2587; x_wconf 85' lang='lat' dir='ltr'><strong>uberiorem</strong></span> <span class='ocrx_word' id='word_1_129' title='bbox 1255 2540 1328 2589; x_wconf 85' lang='lat' dir='ltr'><strong>ex·</strong></span> 
     </span>
     <span class='ocr_line' id='line_1_18' title="bbox 271 2631 1327 2733; baseline 0 -27"><span class='ocrx_word' id='word_1_130' title='bbox 271 2635 513 2732; x_wconf 86' lang='lat' dir='ltr'><strong>plicationem</strong></span> <span class='ocrx_word' id='word_1_131' title='bbox 570 2649 705 2706; x_wconf 78' lang='lat' dir='ltr'><strong>eorum¹</strong></span> <span class='ocrx_word' id='word_1_132' title='bbox 754 2631 882 2708; x_wconf 84' lang='lat' dir='ltr'><strong>referri</strong></span> <span class='ocrx_word' id='word_1_133' title='bbox 930 2633 1093 2732; x_wconf 83' lang='lat' dir='ltr'><strong>possunt,</strong></span> <span class='ocrx_word' id='word_1_134' title='bbox 1151 2635 1198 2706; x_wconf 88' lang='lat' dir='ltr'><strong>de</strong></span> <span class='ocrx_word' id='word_1_135' title='bbox 1237 2636 1327 2733; x_wconf 87' lang='lat' dir='ltr'><strong>qui-</strong></span> 
     </span>
     <span class='ocr_line' id='line_1_19' title="bbox 271 2751 1323 2857; baseline 0.001 -27"><span class='ocrx_word' id='word_1_136' title='bbox 271 2757 341 2830; x_wconf 86' lang='lat' dir='ltr'><strong>bue</strong></span> <span class='ocrx_word' id='word_1_137' title='bbox 370 2752 527 2830; x_wconf 81' lang='lat' dir='ltr'><strong>strictim</strong></span> <span class='ocrx_word' id='word_1_138' title='bbox 551 2751 781 2854; x_wconf 87' lang='lat' dir='ltr'><strong>breviterque</strong></span> <span class='ocrx_word' id='word_1_139' title='bbox 804 2755 847 2830; x_wconf 90' lang='lat' dir='ltr'><strong>in</strong></span> <span class='ocrx_word' id='word_1_140' title='bbox 875 2755 1060 2854; x_wconf 84' lang='lat' dir='ltr'><strong>prioribus</strong></span> <span class='ocrx_word' id='word_1_141' title='bbox 1086 2771 1113 2848; x_wconf 79' lang='lat'><strong>4</strong></span> <span class='ocrx_word' id='word_1_142' title='bbox 1135 2757 1323 2857; x_wconf 71' lang='lat' dir='ltr'><strong>capitibus</strong></span> 
     </span>
     <span class='ocr_line' id='line_1_20' title="bbox 271 2877 425 2952; baseline 0 0"><span class='ocrx_word' id='word_1_143' title='bbox 271 2877 425 2952; x_wconf 76' lang='lat' dir='ltr'><strong>dixerat.</strong></span> 
     </span>
    </p>
   </div>
   <div class='ocr_carea' id='block_1_4' title="bbox 185 3225 1320 4147">
    <p class='ocr_par' dir='ltr' id='par_1_4' title="bbox 185 3225 1320 4147">
     <span class='ocr_line' id='line_1_21' title="bbox 315 3225 1320 3305; baseline 0 -17"><span class='ocrx_word' id='word_1_144' title='bbox 315 3232 363 3301; x_wconf 60' lang='grc' dir='ltr'><strong>ε’)</strong></span> <span class='ocrx_word' id='word_1_145' title='bbox 386 3229 435 3286; x_wconf 82' lang='lat' dir='ltr'><strong>Sic</strong></span> <span class='ocrx_word' id='word_1_146' title='bbox 447 3226 598 3284; x_wconf 78' lang='lat' dir='ltr'><strong>Pintianut</strong></span> <span class='ocrx_word' id='word_1_147' title='bbox 612 3225 648 3283; x_wconf 82' lang='lat' dir='ltr'><strong>erl</strong></span> <span class='ocrx_word' id='word_1_148' title='bbox 659 3225 768 3287; x_wconf 81' lang='lat' dir='ltr'><strong>Melam</strong></span> <span class='ocrx_word' id='word_1_149' title='bbox 818 3245 909 3286; x_wconf 83' lang='lat' dir='ltr'><strong>aetate</strong></span> <span class='ocrx_word' id='word_1_150' title='bbox 922 3227 1053 3288; x_wconf 70' lang='lat' dir='ltr'><strong>Bihrene</strong></span> <span class='ocrx_word' id='word_1_151' title='bbox 1072 3230 1104 3286; x_wconf 87' lang='lat' dir='ltr'><strong>iu</strong></span> <span class='ocrx_word' id='word_1_152' title='bbox 1118 3230 1246 3305; x_wconf 80' lang='lat' dir='ltr'><strong>Anneige</strong></span> <span class='ocrx_word' id='word_1_153' title='bbox 1261 3229 1320 3288; x_wconf 78' lang='lat' dir='ltr'><strong>det·</strong></span> 
     </span>
     <span class='ocr_line' id='line_1_22' title="bbox 277 3313 1316 3390; baseline 0 -19"><span class='ocrx_word' id='word_1_154' title='bbox 277 3337 304 3378; x_wconf 83' lang='grc' dir='ltr'><strong>ι,</strong></span> <span class='ocrx_word' id='word_1_155' title='bbox 327 3325 357 3384; x_wconf 82' lang='grc'><strong>8.</strong></span> <span class='ocrx_word' id='word_1_156' title='bbox 381 3329 409 3383; x_wconf 87' lang='lat'><strong>7.</strong></span> <span class='ocrx_word' id='word_1_157' title='bbox 431 3332 493 3369; x_wconf 85' lang='lat' dir='ltr'><strong>non</strong></span> <span class='ocrx_word' id='word_1_158' title='bbox 512 3331 586 3387; x_wconf 73' lang='lat' dir='ltr'><strong>opu·</strong></span> <span class='ocrx_word' id='word_1_159' title='bbox 608 3313 766 3387; x_wconf 84' lang='lat' dir='ltr'><strong>integrum.</strong></span> <span class='ocrx_word' id='word_1_160' title='bbox 820 3315 870 3370; x_wconf 87' lang='lat' dir='ltr'><strong>Gr.</strong></span> <span class='ocrx_word' id='word_1_161' title='bbox 889 3315 948 3372; x_wconf 82' lang='lat' dir='ltr'><strong>und</strong></span> <span class='ocrx_word' id='word_1_162' title='bbox 969 3315 1034 3370; x_wconf 75' lang='lat' dir='ltr'><strong>Lat.</strong></span> <span class='ocrx_word' id='word_1_163' title='bbox 1058 3315 1261 3370; x_wconf 81' lang='lat' dir='ltr'><strong>Schriststeller</strong></span> <span class='ocrx_word' id='word_1_164' title='bbox 1283 3336 1316 3390; x_wconf 91' lang='lat' dir='ltr'><strong>p.</strong></span> 
     </span>
     <span class='ocr_line' id='line_1_23' title="bbox 271 3395 1316 3472; baseline 0 -18"><span class='ocrx_word' id='word_1_165' title='bbox 271 3398 319 3454; x_wconf 86' lang='lat' dir='ltr'><strong>sed</strong></span> <span class='ocrx_word' id='word_1_166' title='bbox 349 3399 411 3454; x_wconf 85' lang='lat' dir='ltr'><strong>eiut</strong></span> <span class='ocrx_word' id='word_1_167' title='bbox 441 3413 553 3452; x_wconf 82' lang='lat' dir='ltr'><strong>tantum</strong></span> <span class='ocrx_word' id='word_1_168' title='bbox 573 3395 768 3472; x_wconf 80' lang='lat' dir='ltr'><strong>fragmentum</strong></span> <span class='ocrx_word' id='word_1_169' title='bbox 820 3415 889 3454; x_wconf 81' lang='lat'>220.</span> <span class='ocrx_word' id='word_1_170' title='bbox 912 3415 940 3454; x_wconf 87' lang='lat' dir='ltr'><strong>et</strong></span> <span class='ocrx_word' id='word_1_171' title='bbox 954 3397 1143 3472; x_wconf 84' lang='lat' dir='ltr'><strong>Elehcnburg</strong></span> <span class='ocrx_word' id='word_1_172' title='bbox 1158 3399 1189 3453; x_wconf 85' lang='lat' dir='ltr'><strong>iu</strong></span> <span class='ocrx_word' id='word_1_173' title='bbox 1212 3401 1316 3454; x_wconf 75' lang='lat' dir='ltr'><strong>Hand·</strong></span> 
     </span>
     <span class='ocr_line' id='line_1_24' title="bbox 272 3479 1317 3556; baseline 0.002 -18"><span class='ocrx_word' id='word_1_174' title='bbox 272 3483 310 3538; x_wconf 82' lang='lat' dir='ltr'><strong>ed</strong></span> <span class='ocrx_word' id='word_1_175' title='bbox 330 3482 424 3538; x_wconf 79' lang='lat' dir='ltr'><strong>nostra</strong></span> <span class='ocrx_word' id='word_1_176' title='bbox 445 3497 576 3556; x_wconf 81' lang='lat' dir='ltr'><strong>tempore</strong></span> <span class='ocrx_word' id='word_1_177' title='bbox 596 3481 767 3538; x_wconf 76' lang='lat' dir='ltr'><strong>descendisse</strong></span> <span class='ocrx_word' id='word_1_178' title='bbox 818 3482 897 3538; x_wconf 90' lang='lat' dir='ltr'><strong>buch</strong></span> <span class='ocrx_word' id='word_1_179' title='bbox 912 3483 964 3538; x_wconf 86' lang='lat' dir='ltr'><strong>der</strong></span> <span class='ocrx_word' id='word_1_180' title='bbox 984 3479 1149 3538; x_wconf 78' lang='lat' dir='ltr'><strong>ltltffischen</strong></span> <span class='ocrx_word' id='word_1_181' title='bbox 1163 3483 1317 3540; x_wconf 81' lang='lat' dir='ltr'><strong>Literatttr</strong></span> 
     </span>
     <span class='ocr_line' id='line_1_25' title="bbox 270 3564 991 3645; baseline 0.001 -24"><span class='ocrx_word' id='word_1_182' title='bbox 270 3581 372 3643; x_wconf 83' lang='lat' dir='ltr'><strong>putat,</strong></span> <span class='ocrx_word' id='word_1_183' title='bbox 407 3564 545 3638; x_wconf 83' lang='lat' dir='ltr'><strong>idemque</strong></span> <span class='ocrx_word' id='word_1_184' title='bbox 574 3566 611 3620; x_wconf 78' lang='lat' dir='ltr'><strong>ed</strong></span> <span class='ocrx_word' id='word_1_185' title='bbox 635 3583 661 3628; x_wconf 84' lang='lat' dir='ltr'><strong>r,</strong></span> <span class='ocrx_word' id='word_1_186' title='bbox 685 3583 713 3639; x_wconf 82' lang='lat'><strong>9,</strong></span> <span class='ocrx_word' id='word_1_187' title='bbox 737 3582 766 3623; x_wconf 82' lang='lat'><strong>2.</strong></span> <span class='ocrx_word' id='word_1_188' title='bbox 816 3587 847 3645; x_wconf 89' lang='lat' dir='ltr'><strong>p.</strong></span> <span class='ocrx_word' id='word_1_189' title='bbox 864 3586 903 3623; x_wconf 88' lang='lat' dir='ltr'><strong>m.</strong></span> <span class='ocrx_word' id='word_1_190' title='bbox 921 3565 991 3634; x_wconf 79' lang='lat'><strong>246.</strong></span> 
     </span>
     <span class='ocr_line' id='line_1_26' title="bbox 271 3647 767 3724; baseline -0.004 -18"><span class='ocrx_word' id='word_1_191' title='bbox 271 3651 326 3706; x_wconf 80' lang='lat' dir='ltr'><strong>vix</strong></span> <span class='ocrx_word' id='word_1_192' title='bbox 347 3650 480 3705; x_wconf 88' lang='lat' dir='ltr'><strong>umbram</strong></span> <span class='ocrx_word' id='word_1_193' title='bbox 496 3647 558 3704; x_wconf 78' lang='lat' dir='ltr'><strong>eiua</strong></span> <span class='ocrx_word' id='word_1_194' title='bbox 575 3647 608 3703; x_wconf 78' lang='lat' dir='ltr'><strong>ad</strong></span> <span class='ocrx_word' id='word_1_195' title='bbox 625 3666 680 3703; x_wconf 87' lang='lat' dir='ltr'><strong>noe</strong></span> <span class='ocrx_word' id='word_1_196' title='bbox 701 3668 767 3724; x_wconf 86' lang='lat' dir='ltr'><strong>per·</strong></span> 
     </span>
     <span class='ocr_line' id='line_1_27' title="bbox 272 3732 1315 3812; baseline 0.003 -22"><span class='ocrx_word' id='word_1_197' title='bbox 272 3734 380 3792; x_wconf 84' lang='lat' dir='ltr'><strong>venisse</strong></span> <span class='ocrx_word' id='word_1_198' title='bbox 403 3733 503 3789; x_wconf 88' lang='lat' dir='ltr'><strong>credit.</strong></span> <span class='ocrx_word' id='word_1_199' title='bbox 547 3732 632 3787; x_wconf 80' lang='lat' dir='ltr'><strong>Certe</strong></span> <span class='ocrx_word' id='word_1_200' title='bbox 647 3733 766 3788; x_wconf 78' lang='lat' dir='ltr'><strong>Servius</strong></span> <span class='ocrx_word' id='word_1_201' title='bbox 863 3734 896 3801; x_wconf 79' lang='lat'><strong>5)</strong></span> <span class='ocrx_word' id='word_1_202' title='bbox 917 3733 954 3792; x_wconf 85' lang='lat' dir='ltr'><strong>V.</strong></span> <span class='ocrx_word' id='word_1_203' title='bbox 965 3732 999 3788; x_wconf 85' lang='lat' dir='ltr'><strong>td</strong></span> <span class='ocrx_word' id='word_1_204' title='bbox 1011 3733 1128 3809; x_wconf 79' lang='lat' dir='ltr'><strong>praefat.</strong></span> <span class='ocrx_word' id='word_1_205' title='bbox 1145 3737 1169 3790; x_wconf 92' lang='lat'><strong>1.</strong></span> <span class='ocrx_word' id='word_1_206' title='bbox 1184 3734 1315 3812; x_wconf 73' lang='lat' dir='ltr'><strong>p.9sqq.</strong></span> 
     </span>
     <span class='ocr_line' id='line_1_28' title="bbox 272 3815 1315 3894; baseline 0.005 -24"><span class='ocrx_word' id='word_1_207' title='bbox 272 3818 308 3872; x_wconf 88' lang='lat' dir='ltr'><strong>ad</strong></span> <span class='ocrx_word' id='word_1_208' title='bbox 323 3816 430 3891; x_wconf 83' lang='lat' dir='ltr'><strong>Virgil.</strong></span> <span class='ocrx_word' id='word_1_209' title='bbox 440 3818 511 3871; x_wconf 80' lang='lat' dir='ltr'><strong>Aen.</strong></span> <span class='ocrx_word' id='word_1_210' title='bbox 527 3831 555 3888; x_wconf 83' lang='lat'><strong>9,</strong></span> <span class='ocrx_word' id='word_1_211' title='bbox 572 3829 623 3882; x_wconf 77' lang='lat'><strong>31.</strong></span> <span class='ocrx_word' id='word_1_212' title='bbox 642 3833 678 3870; x_wconf 89' lang='lat' dir='ltr'><strong>ex</strong></span> <span class='ocrx_word' id='word_1_213' title='bbox 689 3815 767 3870; x_wconf 80' lang='lat' dir='ltr'><strong>Mela</strong></span> <span class='ocrx_word' id='word_1_214' title='bbox 818 3815 865 3870; x_wconf 84' lang='lat' dir='ltr'><strong>Sic</strong></span> <span class='ocrx_word' id='word_1_215' title='bbox 887 3817 960 3871; x_wconf 70' lang='lat' dir='ltr'><strong>atras</strong></span> <span class='ocrx_word' id='word_1_216' title='bbox 975 3817 1010 3872; x_wconf 88' lang='lat' dir='ltr'><strong>de</strong></span> <span class='ocrx_word' id='word_1_217' title='bbox 1031 3819 1138 3874; x_wconf 81' lang='lat' dir='ltr'><strong>maiori</strong></span> <span class='ocrx_word' id='word_1_218' title='bbox 1160 3837 1248 3894; x_wconf 85' lang='lat' dir='ltr'><strong>opere</strong></span> <span class='ocrx_word' id='word_1_219' title='bbox 1265 3821 1315 3875; x_wconf 88' lang='lat' dir='ltr'><strong>in·</strong></span> 
     </span>
     <span class='ocr_line' id='line_1_29' title="bbox 273 3898 1315 3977; baseline 0.004 -21"><span class='ocrx_word' id='word_1_220' title='bbox 273 3903 309 3956; x_wconf 71' lang='lat' dir='ltr'><strong>tle</strong></span> <span class='ocrx_word' id='word_1_221' title='bbox 332 3901 431 3974; x_wconf 83' lang='lat' dir='ltr'><strong>Gange</strong></span> <span class='ocrx_word' id='word_1_222' title='bbox 445 3912 474 3966; x_wconf 78' lang='lat'><strong>3,</strong></span> <span class='ocrx_word' id='word_1_223' title='bbox 497 3913 526 3966; x_wconf 89' lang='lat'><strong>7,</strong></span> <span class='ocrx_word' id='word_1_224' title='bbox 550 3900 578 3955; x_wconf 83' lang='lat'><strong>6.</strong></span> <span class='ocrx_word' id='word_1_225' title='bbox 602 3899 696 3954; x_wconf 78' lang='lat' dir='ltr'><strong>adfert</strong></span> <span class='ocrx_word' id='word_1_226' title='bbox 714 3899 766 3954; x_wconf 79' lang='lat' dir='ltr'><strong>eli·</strong></span> <span class='ocrx_word' id='word_1_227' title='bbox 817 3898 927 3974; x_wconf 87' lang='lat' dir='ltr'><strong>telligit</strong></span> <span class='ocrx_word' id='word_1_228' title='bbox 953 3901 1066 3958; x_wconf 82' lang='lat' dir='ltr'><strong>Andree</strong></span> <span class='ocrx_word' id='word_1_229' title='bbox 1090 3901 1158 3957; x_wconf 87' lang='lat' dir='ltr'><strong>dell&#39;</strong></span> <span class='ocrx_word' id='word_1_230' title='bbox 1184 3903 1315 3977; x_wconf 83' lang='lat' dir='ltr'><strong>origine,</strong></span> 
     </span>
     <span class='ocr_line' id='line_1_30' title="bbox 185 3980 1316 4061; baseline 0.005 -21"><span class='ocrx_word' id='word_1_231' title='bbox 185 3984 193 4004; x_wconf 78' lang='lat'>⁸</span> <span class='ocrx_word' id='word_1_232' title='bbox 272 4005 347 4060; x_wconf 82' lang='lat' dir='ltr'><strong>qua.</strong></span> <span class='ocrx_word' id='word_1_233' title='bbox 376 4004 449 4058; x_wconf 78' lang='lat' dir='ltr'><strong>quae</strong></span> <span class='ocrx_word' id='word_1_234' title='bbox 472 3980 544 4039; x_wconf 87' lang='lat' dir='ltr'><strong>libri</strong></span> <span class='ocrx_word' id='word_1_235' title='bbox 566 3983 656 4039; x_wconf 89' lang='lat' dir='ltr'><strong>nostri</strong></span> <span class='ocrx_word' id='word_1_236' title='bbox 680 3983 766 4057; x_wconf 79' lang='lat' dir='ltr'><strong>igno·</strong></span> <span class='ocrx_word' id='word_1_237' title='bbox 815 3983 956 4059; x_wconf 82' lang='lat' dir='ltr'><strong>progressi</strong></span> <span class='ocrx_word' id='word_1_238' title='bbox 970 4013 1013 4028; x_wconf 90' lang='lat'><strong>-·</strong></span> <span class='ocrx_word' id='word_1_239' title='bbox 1030 3985 1316 4061; x_wconf 75' lang='lat' dir='ltr'><strong>d&#39;ogni·letteratttrt</strong></span> 
     </span>
     <span class='ocr_line' id='line_1_31' title="bbox 272 4057 1158 4147; baseline 0.006 -24"><span class='ocrx_word' id='word_1_240' title='bbox 272 4057 345 4126; x_wconf 69' lang='lat' dir='ltr'><strong>rint.</strong></span> <span class='ocrx_word' id='word_1_241' title='bbox 376 4068 419 4126; x_wconf 88' lang='lat' dir='ltr'><strong>Cs.</strong></span> <span class='ocrx_word' id='word_1_242' title='bbox 441 4065 556 4122; x_wconf 66' lang='lat' dir='ltr'><strong>adol.</strong></span> <span class='ocrx_word' id='word_1_243' title='bbox 600 4067 648 4124; x_wconf 79' lang='lat' dir='ltr'><strong>ste</strong></span> <span class='ocrx_word' id='word_1_244' title='bbox 671 4067 766 4125; x_wconf 75' lang='lat' dir='ltr'><strong>nostra</strong></span> <span class='ocrx_word' id='word_1_245' title='bbox 817 4069 929 4139; x_wconf 82' lang='lat'>(1787)</span> <span class='ocrx_word' id='word_1_246' title='bbox 947 4069 982 4125; x_wconf 72' lang='lat' dir='ltr'><strong>T.</strong></span> <span class='ocrx_word' id='word_1_247' title='bbox 997 4081 1026 4138; x_wconf 76' lang='lat'><strong>3.</strong></span> <span class='ocrx_word' id='word_1_248' title='bbox 1042 4089 1073 4147; x_wconf 86' lang='lat' dir='ltr'><strong>p.</strong></span> <span class='ocrx_word' id='word_1_249' title='bbox 1089 4078 1158 4139; x_wconf 76' lang='lat'><strong>424.</strong></span> 
     </span>
    </p>
   </div>
   <div class='ocr_carea' id='block_1_5' title="bbox 0 0 1433 4926">
    <p class='ocr_par' dir='ltr' id='par_1_5' title="bbox 0 0 1433 4926">
     <span class='ocr_line' id='line_1_32' title="bbox 0 0 1433 4926; baseline 0 0"><span class='ocrx_word' id='word_1_250' title='bbox 0 0 1433 4926; x_wconf 95' lang='lat' dir='ltr'><strong> </strong></span> 
     </span>
    </p>
   </div>
  </div>
 </body>
</html>
