2868 4930
347 385 373 454 ῃ
630 369 884 434 rourouu
924 336 1129 432 urere

350 570 572 650 gaeumque
593 546 642 622 ab
670 547 787 622 Ionio
816 545 917 621 mari
937 543 1101 621 dirimit.
1156 529 1360 622 Hadriatici

350 685 453 760 latur
482 681 616 783 Illyris
642 695 819 781 occupat.
884 684 992 757 Inter
1019 676 1153 782 ipsum
1177 679 1357 759 Hadriati·

275 813 278 826 ‘
350 843 445 896 cum
467 831 508 893 et
537 812 715 892 Tuscum
743 817 852 891 ltalia
877 807 1089 917 procurrit
1167 819 1213 892 Iu
1238 811 1356 890 Tusco

314 955 497 1046 5intimo
535 952 661 1028 Gallia
689 947 764 1040 est,
804 951 907 1026 ultra
935 948 1132 1051 Hispania.
1195 951 1357 1026 Haecin

351 1087 620 1175 occidentem,
648 1086 802 1186 diuque
825 1087 943 1160 etiam
968 1084 1018 1160 ad
1041 1083 1358 1187 septemtrionem,

350 1221 516 1300 diverfis
562 1219 765 1300 frontibus
808 1223 950 1322 vergit.
1019 1221 1194 1298 Deinde
1216 1215 1357 1294 ¹rursus

351 1359 478 1434 Gellia
505 1355 580 1448 est,
633 1358 753 1459 longe
787 1371 872 1431 eta
898 1353 1042 1434 nostrie
1074 1356 1256 1446 litoribus
1286 1353 1364 1427 huo·

350 1517 481 1593 tuque
509 1489 699 1594 permilla
758 1493 819 1567 Ab
836 1515 895 1566 ea
905 1493 1095 1568 Germani
1115 1490 1166 1567 ad
1186 1494 1367 1568 sirmiae

350 1631 637 1734 porriguntur,
670 1627 734 1703 illi
755 1625 806 1702 ad
825 1624 966 1706 etam.

552 1957 556 1964 '
688 1947 884 2034 ,CAR
941 1948 1010 2022 IV.
1084 2035 1090 2044 ,

334 2219 342 2239 .
451 2113 659 2204 ¹Breuis
701 2105 927 2218 Africae
965 2103 1247 2222 descriptio.

318 2343 337 2392 1
368 2341 376 2354 ·
435 2305 569 2384 Africa
600 2311 650 2385 ab
685 2309 850 2387 orientis
882 2327 992 2410 parte
1021 2311 1124 2390 Nilo
1160 2312 1358 2396 terminata,

349 2443 491 2545 pelago
515 2469 538 2517 a
559 2445 716 2534 ceteris,
748 2445 912 2522 brevior
945 2441 1000 2520 est
1031 2445 1217 2546 quidem,
1251 2465 1368 2545 quam

349 2583 528 2681 Europa,
565 2583 660 2679 quia
680 2606 754 2656 nec
776 2605 947 2680 usquam
964 2580 1094 2670 Aliae,
1124 2598 1163 2657 et
1179 2606 1261 2658 non
1276 2577 1357 2655 totis

214 2771 217 2778 ⁴
349 2715 475 2792 huius
520 2716 707 2793 litoribus
742 2715 997 2804 obtenditur,
1044 2717 1207 2818 longior
1240 2729 1358 2790 temen

210 2938 211 2945 ἵ
349 2849 453 2950 ipsa,
478 2877 601 2951 quam
621 2852 762 2942 latior,
791 2865 848 2940 et,
882 2875 962 2951 qua
981 2831 1226 2927 adlluvium
1244 2847 1366 2924 adum

350 2988 428 3086 git,
461 2985 652 3074 latiilima,
684 3001 811 3086 utque
834 2985 929 3061 inde
954 2983 1154 3085 procedit,
1187 2987 1258 3075 ita,
1285 3005 1359 3058 me·

349 3118 416 3194 dia
440 3121 675 3220 praecipue,
709 3121 754 3194 in
782 3123 876 3220 iuga
901 3119 1131 3220 exsurgens,
1161 3121 1286 3222 pergit
1304 3118 1360 3193 in·

350 3279 473 3330 curva
492 3251 544 3328 ad
561 3252 764 3344 occasum,
789 3251 1020 3355 fastigatque
1040 3253 1079 3329 se
1101 3257 1295 3331 molliter:
1323 3264 1359 3325 et

348 3387 442 3464 ideo
464 3413 512 3462 ex
535 3388 660 3490 spatio
683 3390 891 3492 paullatim
919 3388 1150 3480 adductior,
1188 3388 1261 3464 ubi
1278 3383 1360 3460 fini·

309 3547 331 3596 Ω
348 3536 436 3612 tur,
463 3524 523 3599 ibi
541 3527 712 3600 maxime
731 3522 893 3626 angusta
912 3521 979 3601 est.
1035 3531 1239 3630 Quantum
1258 3523 1363 3604 inco·

347 3657 465 3748 litur,
495 3658 639 3732 eximie
660 3655 824 3738 fertilis:
865 3683 1010 3736 verum
1040 3659 1154 3760 quod
1180 3661 1359 3760 pleraque

347 3792 435 3869 eius
453 3793 622 3882 incultu,
651 3811 708 3886 et,
737 3811 805 3872 aut
822 3797 950 3872 arenis
968 3792 1166 3871 sterilibus
1183 3793 1358 3875 obducta,

348 3942 418 4004 aut
440 3928 492 4004 ob
519 3927 622 4004 sitim
648 3932 749 4006 coeli
779 3948 1056 4028 terrarumque
1081 3927 1229 4006 deserta
1261 3923 1358 4011 tunt.

346 4077 416 4140 aut
438 4061 674 4142 urieltmtur
696 4067 827 4144 multo
852 4092 895 4143 ac
915 4062 1094 4150 malefico
1119 4087 1261 4168 genere
1280 4057 1358 4135 ani·
