2856 4926
497 415 597 473 CAP.
633 417 737 477 Vlll.
994 435 1138 484 Lxxvn

93 591 215 674 pinget.
236 581 365 680 (piget)
390 607 517 670 procus.
543 581 703 680 (procul)
747 581 830 658 Alia
846 587 1060 658 communia
1076 589 1138 662 he·

91 703 155 775 bet
182 722 329 776 tantum
355 727 440 774 cum
464 703 627 776 editione
653 725 840 790 an.15o1.
873 707 971 777 unde
999 733 1045 779 ex
1070 708 1137 782 illa

90 825 286 921 praecipue
321 825 472 922 repetita
504 824 663 898 videtur.
732 831 847 900 Porro
879 826 1137 927 coniungenda

91 945 194 1041 saepe
223 947 386 1036 divellit,
411 965 456 1018 ut
476 956 557 1016 inter
584 956 655 1028 rus,-
698 953 850 1036 craece,
881 967 925 1020 ut
946 968 1036 1022 tuuc
1060 949 1137 1024 sere

90 1067 248 1157 solebat,
269 1068 412 1140 Latinis
424 1069 539 1142 literis
555 1064 667 1141 effert.
705 1075 794 1142 Duo
810 1088 946 1168 puncta
965 1071 1135 1162 illisum,

89 1213 183 1286 quae
199 1215 299 1261 nunc
321 1209 521 1280 commata,
546 1193 607 1263 vel
628 1191 740 1263 incisa
756 1191 930 1280 minima,
963 1209 1006 1264 ut
1023 1193 1136 1266 etiam

87 1311 128 1384 in
145 1311 392 1409 superioribus
410 1313 500 1386 illie.
533 1313 766 1402 Perizonius,
788 1313 854 1410 qui
868 1315 933 1384 illa
950 1311 1033 1388 usuc
1046 1332 1134 1404 emt,

86 1453 199 1506 vocat
217 1433 498 1520 vercellensem,
527 1434 631 1505 cuius
653 1435 753 1506 causa
771 1459 816 1506 ex
836 1433 946 1506 dictis
967 1433 1133 1523 discitum

86 1575 125 1628 at
147 1557 276 1628 minus
299 1573 393 1626 recte
415 1553 672 1627 Vercillensem
695 1559 751 1628 Fr.
771 1559 860 1630 ouo
875 1555 1133 1646 Menckeniue,

85 1679 153 1774 qui
174 1702 255 1748 eam
281 1695 458 1772 tanquam
479 1675 647 1749 Fabricio
668 1675 945 1772 Meittairioqne
965 1679 1135 1775 ignotam

84 1795 271 1895 descripsit
288 1798 328 1870 in
351 1797 595 1870 Miscellaneis
611 1795 853 1894 Lipsienfibus
873 1795 982 1870 novis
997 1799 1081 1872 Vol.
1097 1803 1131 1872 6.

83 1946 121 2018 p.
143 1936 214 2006 143
230 1918 278 2014 sq.
311 1917 373 1991 etsi
388 1920 432 1991 de
446 1936 550 1992 textu
569 1919 662 1992 nihil
684 1917 819 2008 adfert,
845 1934 991 1992 tantum
1009 1919 1132 1993 moni·

82 2061 168 2115 tum
184 2041 231 2114 ad
245 2043 419 2113 lectorem
432 2039 574 2137 repetit.
622 2041 726 2114 Idem
741 2038 906 2112 Venetiis
922 2041 1131 2136 adparatum

83 2159 289 2246 existiman
316 2187 385 2234 nec
405 2180 551 2251 temere,
579 2161 662 2258 quia
682 2163 734 2232 ibi
752 2161 820 2234 illo
835 2179 999 2258 tempore
1013 2180 1132 2238 artem

82 2283 390 2383 typographicam
404 2285 618 2355 Albertinos
636 2283 681 2354 de
693 2281 822 2356 Lisono
839 2283 1010 2355 exercuit.
1040 2285 1129 2358 Eine

81 2410 192 2480 usum
209 2408 391 2480 adnuente
411 2405 671 2490 Schroeclthio‚
693 2421 923 2499 praeceptore
940 2404 1130 2500 quondam

80 2527 306 2612 venerabili,
339 2523 507 2598 concessit
533 2526 759 2598 bibliotheca
788 2521 1042 2600 Univerfitetia
1066 2528 1130 2600 Vi·

2 2727 3 2760 p
79 2645 352 2750 tcmbergensis.

346 2876 402 2944 16.
466 2845 667 2948 Parisiis
698 2893 806 2960 1507·
840 2885 877 2962 4.

158 3041 202 3104 Ρ.
225 3035 315 3103 Meta
342 3039 381 3100 de
403 3039 504 3103 totius
524 3040 606 3105 orbis
627 3032 848 3136 descriptione.
899 3042 1025 3105 Aether
1044 3040 1128 3104 heca·

80 3155 271 3254 lentiffimus
297 3161 473 3246 Nunquam
504 3177 602 3224 011110
631 3153 655 3247 5)
678 3163 762 3226 citro
797 3175 917 3228 montes
949 3155 1125 3253 impnffus.

79 3277 283 3350 subiicitur
315 3275 372 3348 hie
397 3273 537 3374 insigne
562 3277 779 3375 typographi
804 3277 979 3350 lohannis
1005 3277 1125 3348 Petit‘t

80 3396 219 3472 Aversa·
246 3397 377 3494 pagina
407 3397 542 3493 legitur
575 3393 722 3494 epistola
756 3397 973 3469 dedicatoria
1007 3395 1128 3468 Godo·

80 3517 178 3590 fredi
198 3518 333 3590 Totini
358 3519 511 3590 Biturici
531 3519 577 3590 ad
598 3519 843 3592 Philibertum
866 3517 1054 3608 Baboum,
1079 3517 1127 3590 ci·

80 3665 169 3712 vem
191 3640 398 3712 Bituricum
413 3639 630 3712 Serenisfimi
646 3643 838 3713 Gallorum
854 3639 964 3736 Regis
982 3639 1128 3736 dispen-

80 3761 240 3834 satorem
263 3803 312 3818 -·
344 3763 385 3834 in
409 3787 479 3858 qua
503 3763 644 3835 Melam
673 3763 718 3836 de
743 3761 887 3833 mendis
911 3777 1127 3856 querentem

82 3907 128 3955 ex
147 3882 297 3981 Virgilii
315 3889 407 3955 Aen.
429 3907 465 3973 a,
487 3907 560 3976 270
575 3885 625 3984 tq.
652 3891 739 3983 (pro
759 3889 882 3954 Hector
898 3877 1059 3980 politum
1078 3875 1126 3954 est

123 4131 159 4203 5)
181 4130 228 4190 CI.
249 4129 285 4186 ad
308 4129 377 4190 edit.
402 4141 488 4210 1499.
