2868 4930
375 400 417 471 tt
652 385 914 450 ronrourr
953 389 1120 452 nuru

331 567 500 666 48uper
520 559 632 639 hunc
655 564 796 665 ingens
822 563 936 664 palus
964 588 1121 640 anmem
1143 561 1300 640 Tritona
1316 585 1369 640 rs·

370 701 479 801 cipit,
505 695 587 800 ipsa
604 699 803 776 Tritonis:
835 697 944 775 unde
962 714 1001 774 et
1016 701 1221 776 Minervae
1238 725 1370 802 cogno·

367 859 462 910 men
485 833 661 911 inditum
684 831 758 924 est,
794 850 841 911 ut
862 834 1016 912 incolae
1040 834 1289 924 arbitrantur,
1318 834 1368 910 ibi

366 971 542 1072 genitae:
579 965 811 1070 faciuntque
829 971 866 1044 ei
885 967 1042 1048 fabulae
1064 971 1234 1070 aliquam
1251 967 1369 1060 fidem,

367 1102 493 1206 quod,
521 1128 643 1202 quem
661 1105 830 1180 natalem
847 1107 933 1181 cius
950 1119 1105 1207 putant,
1125 1105 1285 1184 ludicris
1298 1107 1369 1182 νὴ·

329 1241 506 1339 5ginum
529 1239 635 1314 inter
657 1237 696 1314 se
714 1237 1002 1318 decertantium
1026 1239 1232 1318 celebrant.
1268 1241 1367 1318 Ultra

333 1413 338 1420 ·
363 1372 517 1451 cll-Oea
536 1373 752 1476 oppidum,
781 1391 821 1452 et
837 1377 991 1478 Cinyps
1006 1371 1158 1453 fluvius
1177 1403 1247 1479 per
1264 1376 1367 1454 uber·

361 1509 464 1587 rima
482 1533 575 1586 arva
595 1507 800 1588 decidens:
838 1525 927 1588 tum
946 1513 1082 1612 Leptis
1102 1511 1271 1588 alternet
1286 1513 1367 1611 Syr·

361 1645 425 1734 tis,
451 1646 617 1722 nomine
633 1660 750 1745 etque
767 1645 931 1749 ingenio
946 1673 1017 1748 par
1035 1649 1180 1747 priori3
1207 1662 1365 1722 ceterum

360 1781 486 1857 altaro
501 1777 586 1856 fere
603 1778 740 1882 spatio,
757 1805 838 1882 qua
854 1779 1032 1873 dehiscit,
1054 1806 1212 1884 quaque
1232 1777 1365 1855 flexum

358 1915 460 2016 agit,
493 1916 673 2016 amplior.
743 1917 839 1994 Eius
866 1919 1195 2018 promontorium
1222 1911 1275 1990 est
1298 1915 1364 1988 Bo·

357 2048 463 2137 rion,
488 2047 537 2124 ab
552 2070 682 2150 eoque
700 2050 896 2153 incipiens
916 2077 996 2140 ora,
1023 2075 1144 2153 quam
1157 2044 1362 2150 Lotophagi

356 2178 524 2260 tenuille
551 2183 761 2276 dicuntur,
799 2209 927 2286 usque
950 2184 1001 2261 ad
1023 2185 1231 2286 Phycunta
1249 2185 1309 2281 (et
1323 2175 1361 2256 id

355 2317 682 2420 promontorium
698 2316 777 2420 est)
797 2317 1046 2421 importuoso
1063 2320 1182 2398 litore
1195 2319 1352 2423 pertinet

320 2452 456 2529 &Arae
472 2451 577 2553 ipsae
599 2477 749 2530 nomeu
772 2479 820 2528 ex
836 2454 1033 2531 Philaenis
1045 2449 1233 2533 fratribus
1251 2470 1360 2530 mre

353 2613 417 2680 re,
447 2589 521 2689 qui
545 2603 681 2667 contra
702 2591 943 2689 Cyrenaicos
961 2589 1058 2666 miffi
1071 2591 1303 2690 Carthagine
1316 2579 1359 2660 ad

353 2723 628 2802 dirimendum
654 2723 886 2802 conditione
907 2723 1079 2814 bellum,
1125 2725 1199 2802 diu
1220 2726 1296 2799 iam
1313 2718 1357 2796 de

243 2854 251 2873 ‘
306 2919 309 2926 .
352 2857 521 2951 finibus,
560 2875 600 2935 et
636 2886 728 2936 cum
761 2861 915 2959 magnis
949 2859 1162 2938 amborum
1194 2857 1358 2936 cladibus

350 2993 503 3096 gestum
510 3021 523 3087 3
562 2993 769 3096 postquam
797 2994 843 3070 in
871 3017 942 3083 eo,
980 2993 1093 3094 quod
1119 3001 1357 3078 convenerat,

348 3153 434 3206 non
460 3127 709 3218 monebatur,
746 3145 811 3218 ut,
843 3129 916 3206 ubi
936 3130 1054 3230 legati
1075 3137 1356 3212 concurrerent,

349 3278 458 3338 certo
484 3280 663 3364 tempore
688 3264 892 3364 utrimque
922 3261 1092 3352 dimtffi,
1116 3263 1177 3339 ibi
1205 3257 1355 3340 termini

317 3453 323 3464 .
346 3395 611 3475 statuerentur
618 3425 629 3489 ;
673 3401 776 3500 pacti
797 3398 847 3476 de
866 3402 1043 3499 integro,
1070 3413 1136 3488 ut,
1164 3389 1355 3499 quidquid

346 3533 441 3608 citra
459 3529 560 3622 ellet,
582 3533 842 3633 popularibus
857 3533 1012 3609 cederet
1033 3535 1208 3638 (mirum
1224 3547 1262 3607 et
1280 3550 1355 3604 me·

344 3667 473 3741 moria
492 3664 971 3772 digniffimnmfacinusl)
1000 3665 1126 3779 hicio
1155 3661 1355 3772 vivosob·

343 3801 409 3880 rui
434 3801 695 3904 pertulerunt.
