2868 4930
302 397 402 465 avait
547 399 611 458 DE
653 390 926 460 nomaoNto
969 403 1103 506 MELd

187 651 191 661 Ι
301 563 456 640 Olivarii
470 565 555 638 cum
568 563 731 638 eiusdem
746 563 1047 642 adnotationibus
1060 577 1096 665 p.
1111 586 1185 663 455
1199 575 1244 626 ⁴·
1253 591 1339 669 595.

300 709 394 784 qnae
416 685 593 759 subiectae
616 685 701 758 sunt
729 685 881 784 [iugulis
905 687 1095 784 capitibue.
1153 691 1338 770 Fabricius

299 831 386 880 cum
407 802 571 880 Ernestio
593 805 689 878 hanc
708 807 911 880 editionem
938 808 1133 906 ignorarit.
1182 812 1339 892 Possidet

298 927 387 1004 einr
396 929 582 1026 exemplar
600 927 690 1002 bibl.
711 927 977 1028 Rehdigeriena
995 929 1261 1016 Wratialaviae.

558 1171 618 1241 57.
674 1149 874 1226 Parisiis
903 1155 1011 1238 1561.
1044 1169 1083 1244 4.

373 1313 415 1374 P.
440 1309 532 1375 Maio
554 1305 594 1372 de
605 1303 678 1402 fita
694 1305 778 1372 ordis
793 1306 864 1372 ttbrt
877 1321 943 1373 tres
961 1331 1002 1373 erc
1020 1313 1234 1396 typographio
1255 1313 1336 1380 ibo·

298 1425 537 1497 maenarum
553 1463 606 1479 -
635 1420 797 1518 utsupra
818 1445 877 1494 an.
898 1426 1006 1509 1560.
1024 1441 1060 1518 4.
1083 1444 1253 1500 notatum
1273 1425 1335 1504 est·

294 1551 354 1624 Ex
374 1545 595 1618 bibliothece
610 1542 927 1641 Gueipberbytana
947 1545 1335 1642 promtiffima'libera·

293 1666 398 1740 litate
429 1663 570 1740 miffam
600 1665 754 1738 contuli.
818 1665 989 1761 Sequitur
1013 1667 1162 1764 quidem
1190 1687 1335 1745 textum

295 1785 467 1878 Olivarii,
501 1784 553 1858 ita
577 1802 701 1858 tamen
728 1803 772 1858 ut
794 1787 931 1859 multae
957 1787 1130 1861 lectiones
1153 1789 1333 1872 admittet.

153 1931 155 1937 ⁸
292 1931 385 2006 quae
405 1897 551 1980 tanturn
565 1905 612 1978 ad
632 1908 837 2008 marginum
852 1907 908 1982 ed.
923 1907 1030 1988 Parit.
1049 1919 1156 2006 1539.
1172 1931 1206 1998 5.
1229 1912 1332 2011 typi·

227 2065 229 2074 ·
291 2025 486 2124 adscriptae
507 2042 620 2103 erant.

539 2249 615 2318 55.·
660 2227 873 2304 basileae
904 2233 1013 2319 1565.
1047 2251 1083 2319 5.

366 2385 461 2458 Cum
475 2380 611 2454 tubalia
630 2383 892 2480 geographicis.
926 2389 982 2454 Itu
997 2383 1145 2480 quidem
1157 2387 1328 2484 Hagcrua

289 2502 461 2604 producit
481 2527 518 2600 p.
535 2521 619 2591 525.
634 2505 706 2576 ol.
727 2503 768 2576 iu
792 2504 997 2577 editionum
1018 2505 1164 2578 recensu
1184 2526 1221 2579 et
1241 2524 1329 2581 ante

288 2649 374 2698 enm
390 2624 535 2720 lepidus
554 2624 620 2696 ille
643 2621 854 2697 Wilischiua
869 2651 907 2723 p.
925 2628 1008 2719 196.
1022 2649 1053 2698 o.
1070 2627 1097 2698 l.
1121 2651 1168 2698 ex
1188 2627 1327 2724 quibua

288 2745 368 2819 eina
399 2731 573 2818 notitiam
609 2743 745 2818 duxiffe
779 2744 928 2821 videtur
957 2745 1119 2844 Kappiua
1143 2747 1186 2822 in
1212 2747 1268 2822 ed.
1288 2765 1327 2822 a.

285 2865 470 2966 Equidem
482 2891 529 2940 ex
542 2864 620 2964 ipso
635 2865 703 2940 usu
716 2864 876 2940 iudicare
890 2891 968 2942 non
982 2866 1137 2968 polium.

539 3099 597 3174 59.
656 3079 864 3156 basileae
892 3087 1000 3175 1564.
1031 3102 1068 3171 a.
1199 3132 1206 3143 -

357 3238 451 3307 Cum
470 3229 609 3304 solino.
642 3235 695 3302 Itu
713 3236 878 3332 Hagerue
894 3259 924 3306 c.
938 3236 965 3307 l.
986 3229 1126 3310 Ernesti
1144 3233 1240 3334 apud
1254 3239 1325 3310 m-

283 3350 440 3428 bricium
459 3379 494 3450 p.
513 3375 569 3447 79.
594 3349 805 3426 adiunctam
823 3351 889 3426 effe
912 3355 1003 3427 dicit
1027 3352 1164 3428 Christi.
1183 3353 1322 3428 Uriiiiii

282 3471 546 3571 praefationem
559 3490 596 3545 et
611 3473 754 3546 tabulas
770 3475 1025 3573 geographicas
1047 3463 1175 3548 rudius
1191 3475 1323 3548 descri-

281 3585 386 3693 ptos.¹
417 3589 499 3691 Ego
520 3593 691 3666 manibus
718 3595 857 3669 versavi
875 3594 945 3668 tria
967 3596 1183 3692 exemplaria
1203 3595 1320 3670 huius

280 3714 505 3790 editionibus
519 3712 650 3787 eodem
665 3737 762 3787 anno
778 3711 931 3788 Baiiieae
944 3715 1042 3810 apud
1055 3716 1202 3789 Hauric.
1214 3715 1321 3790 Petri

280 3837 415 3916 factae,
436 3835 478 3907 in
493 3833 596 3906 cuine
610 3833 833 3931 praefatione
844 3837 947 3910 Mela
969 3833 1204 3933 philosophus
1224 3838 1322 3911 uela·

279 3949 460 4032 berrimua
476 3953 591 4028 audit
641 3949 778 4029 orttifii
798 3979 937 4030 nornen
953 3951 1163 4044 dedicavi,
1194 3957 1321 4032 mmo

280 4079 394 4156 etiam
415 4076 486 4155 alia
511 4074 734 4152 omniafere
757 4091 866 4178 atque
891 4069 1029 4154 Uettidi
1049 4057 1322 4177 praefationem
1406 4110 1410 4118 ·
