2868 4930
273 449 419 498 :cxxvi
539 433 603 490 DE
645 429 920 492 Pomponio
966 427 1100 486 MELA

294 599 441 699 publico
459 593 713 674 Univerlitatis
736 557 1129 694 6111611111)6111111111,Ι
1154 593 1210 664 uti
1233 587 1327 665 telle·

294 739 357 796 tur
372 721 560 818 catalogue
583 744 619 815 p.
636 740 723 790 ooo.
759 723 867 792 Errat
888 734 1009 788 nutem
1025 714 1098 787 line
1114 714 1227 786 dubio
1242 719 1327 785 Her·
1406 717 1408 736 '

294 841 409 917 wood
431 841 473 912 in
494 840 591 912 libro
615 835 823 910 Ueberlicht
852 836 1120 909 verschiedener
1145 835 1327 933 Ausgaben

296 964 360 1037 der
395 967 454 1035 Gr.
491 958 570 1033 und
607 965 716 1032 Rom.
751 955 925 1030 Klassilrer
962 983 1008 1030 ex
1038 957 1328 1052 interpretatione

295 1085 413 1160 Alteri
431 1112 467 1182 p.
484 1101 569 1174 259.
597 1095 791 1174 praeeunte
812 1095 935 1149 tamen
959 1077 1034 1172 ipso
1049 1077 1272 1150 Harwoodio
1290 1076 1327 1147 in

296 1206 353 1278 ed.
371 1229 403 1293 3.
419 1231 454 1300 p.
471 1225 555 1289 205.
572 1225 658 1273 cum
671 1217 812 1288 narret,
835 1197 944 1272 voffii
957 1199 1160 1271 editionem
1174 1196 1329 1271 Londini

301 1331 409 1414 1686.
427 1343 461 1417 4.
484 1323 676 1420 repetitam
697 1318 818 1409 fuisse,
849 1319 950 1415 quod
964 1337 1111 1391 tentum
1127 1321 1171 1390 de
1188 1315 1327 1414 epistole

296 1448 321 1521 l.
344 1445 540 1546 appendice
557 1445 685 1542 paullo
706 1459 934 1514 antenotata
957 1443 1065 1512 velet.
1118 1440 1186 1512 Sed
1207 1435 1328 1509 necin

296 1570 378 1642 eliis
405 1567 486 1640 setis
509 1581 672 1638 accurate
700 1563 765 1632 ille
789 1564 880 1658 egit,
919 1561 1008 1633 adeo
1034 1561 1100 1632 nbi
1122 1561 1169 1630 de
1196 1557 1328 1629 civibus

296 1706 438 1778 narret,
484 1687 541 1760 uti
570 1683 786 1764 neinhotdii
815 1681 902 1778 (lic)
928 1683 1131 1756 editionem
1162 1685 1266 1773 1761.
1294 1695 1327 1770 4.

294 1813 446 1886 indicet.

540 2120 600 2185 32.
657 2097 866 2172 Rintelii
894 2102 1002 2170 1666.
1041 2120 1098 2170 11.

367 2295 427 2366 Ex
439 2285 643 2362 recensione
657 2289 808 2364 Schotti.
839 2290 946 2364 Brevi
960 2289 1178 2388 praefationi
1191 2289 1331 2362 subiun-

297 2411 402 2512 gitur.
420 2417 459 2484 P.
477 2411 601 2482 Melae
622 2408 697 2482 vita
721 2434 766 2480 ex
787 2417 867 2482 Ger.
890 2417 943 2483 Io.
960 2410 1081 2483 Voffio
1099 2413 1145 2484 de
1162 2411 1329 2485 historicis

296 2529 461 2620 Ietinis,
494 2530 654 2628 sequitur
678 2529 848 2626 deinceps
874 2547 998 2606 textus
1023 2532 1168 2623 nudus,
1202 2533 1331 2606 claudit

296 2652 421 2726 index.
455 2657 576 2750 Hager
591 2651 663 2722 cl.
691 2668 728 2722 et
744 2651 909 2748 Koppius
930 2677 959 2724 c.
978 2655 1002 2723 l.
1026 2659 1331 2726 Hannoveranem

296 2773 448 2848 faciunt.
500 2779 550 2846 At
570 2773 722 2861 titulus,
752 2795 863 2869 quem
881 2771 1102 2869 supraposui
1117 2803 1163 2848 ex
1181 2775 1255 2874 ipso
1275 2776 1331 2847 16·

172 2891 177 2899 ’
296 2894 430 2990 spectu,
451 2894 576 2968 locum
590 2910 760 2964 notatum
777 2891 941 2987 praefert,
962 2893 1176 2990 sumtusque
1193 2913 1331 2972 tantum

297 3005 414 3086 feeille
436 3013 679 3108 bibliopolam
701 3019 1015 3084 Hannoveronum
1035 3014 1149 3088 addit.
1200 3011 1332 3088 schotti

297 3150 443 3206 textum
457 3131 614 3220 exhibet,
638 3131 698 3204 led
712 3132 753 3203 in
770 3133 901 3206 multis
916 3135 1007 3208 locis
1023 3135 1270 3229 depravatum,
1293 3151 1332 3206 ut

216 3318 218 3331 .
297 3271 437 3325 toceom
459 3253 549 3324 vitia
574 3251 645 3324 elie
665 3253 936 3349 typographica.
995 3255 1104 3351 Quod
1127 3273 1248 3328 temen
1268 3255 1332 3327 mi·

297 3397 400 3461 111111,
427 3369 485 3444 sed
498 3370 575 3467 ipso
588 3372 653 3444 usu
667 3397 689 3443 1
704 3395 764 3443 me
779 3368 827 3445 est
841 3374 1050 3472 cognitum,
1077 3375 1279 3471 discrepant
1293 3377 1331 3446 in

299 3491 521 3597 quibusdem
534 3494 626 3566 locis
641 3493 718 3566 eiue
732 3494 961 3588 exemplario.
986 3496 1044 3567 Sic
1057 3497 1096 3565 in
1113 3522 1187 3568 uno
1202 3522 1232 3584 1,
1250 3517 1282 3584 3,
1298 3517 1330 3584 3.

297 3613 437 3701 inveni,
462 3613 563 3709 quod
577 3612 732 3707 praeivit
746 3615 936 3686 schottus:
963 3624 1125 3685 Proximis
1147 3625 1251 3687 nullae
1267 3624 1332 3708 qur'·

298 3741 368 3806 dem
383 3738 588 3833 urbes,stata
601 3750 707 3801 tamen
722 3734 991 3835 domiciliafunt;
1010 3738 1051 3810 in
1064 3721 1196 3808 altero}
1223 3743 1332 3807 Procri·

299 3867 358 3926 mis
370 3861 476 3926 nullae
488 3858 614 3944 quidem
630 3856 719 3920 urbes
729 3859 839 3952 slent,
856 3875 961 3925 tanten
975 3899 1027 3911 —
1047 3858 1154 3952 quale
1170 3856 1272 3952 supra
1288 3853 1332 3926 de

298 3980 355 4049 ed.
373 3974 582 4050 olivariona
597 3971 644 4042 nd
662 3995 720 4042 111.
737 3979 844 4063 1556.
866 3977 1003 4048 notavi.
1039 3975 1217 4049 Praefatio
1231 3983 1333 4049 Dun·
1360 3977 1362 3981 ’

297 4096 380 4170 ceni
403 4093 582 4184 Liddelii,
614 4089 713 4166 Prof.
738 4097 917 4168 Mathem.
941 4097 981 4169 in
1004 4095 1184 4170 academie
1207 4089 1332 4170 Helm·
1416 4097 1418 4107 '
