2816 4920
211 389 274 448 DE
312 385 423 450 Si'l'U
459 387 607 449 ortale
642 389 732 449 ΗΒ.
764 389 805 450 Π.
847 392 944 452 c.11.
1043 399 1086 470 47
1153 445 1162 480 ,

69 530 430 638 votnm‘eximiuin
445 559 615 637 hebent:
644 574 685 636 et
701 561 796 661 quia
814 559 951 663 plures
970 557 1089 640 iimul

69 694 236 796 lingulis
249 709 396 797 nuptae
412 693 523 785 funt,
549 697 665 773 cuiue
679 694 725 771 id
747 694 794 772 fit
813 694 953 786 decus,
981 695 1091 800 apud
1126 793 1130 802 ³

69 830 319 926 iudicaturos
336 855 480 932 magno
498 831 710 908 certamine
725 828 931 908 adfectant.
961 833 1092 911 Mori·

70 967 145 1042 bus
175 965 311 1055 datur,
351 963 487 1066 estque
515 965 685 1042 maxime
712 966 882 1056 laetum,
926 991 1020 1044 cum
1047 968 1093 1042 in

69 1101 149 1176 boc
171 1099 442 1191 contenditur,
469 1101 640 1176 vincere.
692 1103 882 1178 Moerent
902 1101 999 1177 aliae
1020 1126 1094 1178 vo·

71 1235 206 1324 cibus,
233 1249 273 1309 et
292 1261 384 1311 cnm
403 1231 647 1312 acerbissimia
667 1236 891 1336 planctibus
910 1229 1093 1312 efferunt.

68 1373 121 1447 At
140 1367 290 1470 quibus
303 1366 497 1447 consolari
512 1393 575 1446 eas
594 1371 750 1446 animus
766 1365 833 1460 est,
859 1395 965 1446 arma
981 1395 1096 1472 opet-

71 1529 154 1604 que
180 1502 231 1578 ad
257 1527 377 1605 rogoe
401 1500 606 1594 deferunt3
647 1505 853 1607 paratique
879 1505 953 1606 (ut
979 1504 1096 1581 dicti·

69 1637 183 1737 tant)
214 1663 307 1714 cum
341 1635 424 1714 fato
451 1639 631 1729 iacentis,
670 1637 699 1714 fi
727 1637 846 1716 detur
872 1641 916 1714 in
942 1663 1096 1729 manna,

69 1775 142 1848 vei
168 1771 329 1874 pacisci,
363 1774 430 1848 vel
460 1771 691 1864 decernere,
725 1774 799 1852 ubi
828 1799 902 1850 nec
925 1793 1096 1875 pugnae,

71 1934 150 1986 nec
165 1908 358 2008 pecuniae
372 1909 484 1984 locus
499 1905 557 1998 fit,
584 1923 747 1986 manent
768 1908 949 1986 dominas
972 1909 1097 2010 proci.

73 2047 288 2145 Nupturae
311 2043 485 2144 virgines
504 2067 590 2118 non
607 2067 630 2118 a
649 2043 878 2144 parentibus
898 2044 997 2120 viria
1020 2059 1099 2120 tra·

75 2178 251 2267 duntur,
288 2174 355 2252 sed
382 2177 546 2279 publice
574 2193 642 2254 aut
668 2179 851 2256 locantur
880 2177 1099 2269 ducendae,

1 2347 2 2350 ¹
76 2329 147 2390 ant
166 2325 353 2390 veneunt.
418 2313 565 2388 Utrum
584 2309 669 2402 fiat,
698 2338 747 2387 ex
771 2310 900 2416 specie
918 2329 957 2388 et
975 2313 1100 2390 rneri-

1 2479 3 2500 ¹
76 2449 156 2526 bns
177 2445 290 2524 causa
314 2443 378 2520 est.
434 2446 584 2522 Probae
606 2444 881 2548 formosaeque
902 2451 945 2524 in
968 2447 1100 2549 pretio

77 2582 193 2660 sunt:
225 2597 371 2656 ceteras
393 2581 464 2680 qni
483 2580 670 2670 habeant,
697 2581 878 2656 mercede
902 2605 1101 2682 quaerun-

77 2735 157 2795 tur.
208 2717 303 2792 Vini
329 2713 422 2792 uiua
446 2711 687 2814 quibusdam
709 2718 868 2816 ignotus
893 2713 970 2790 est:
1003 2737 1102 2814 epu·
1171 2692 1178 2707 ⁸

79 2852 257 2929 lantibus
273 2865 403 2926 tamen
424 2849 497 2925 ubi
515 2847 635 2950 super
649 2851 780 2950 ignes,
811 2874 913 2949 quos
933 2851 1103 2924 circnm-

81 2986 230 3074 srdent,
264 2984 456 3084 quaedam
480 2982 627 3060 semina
652 2984 800 3086 ingesta
819 2982 933 3076 sunt,
966 2982 1104 3063 fimitis

81 3121 264 3198 ebrietati
282 3119 456 3195 hilaritas
476 3143 525 3194 ex
545 3117 688 3195 nidore
706 3121 909 3220 contingit.
937 3103 994 3196 ¹In
1010 3121 1141 3220 lito-5

82 3259 198 3334 ribus
226 3251 325 3330 Istro
359 3257 539 3356 proxima
569 3252 625 3328 est
651 3251 874 3355 istropolin
910 3253 1058 3334 deinde
1082 3281 1106 3330 a

82 3389 254 3470 Milefiie
272 3387 440 3464 deducta
455 3387 633 3480 callario
666 3405 754 3466 tum
769 3393 935 3480 Tomoe,
959 3406 999 3466 et
1013 3415 1108 3492 por·

83 3543 150 3604 tue
179 3526 312 3613 Caria,
351 3539 390 3598 et
417 3521 572 3599 Tiristis
606 3525 950 3624 promontorium:
996 3521 1109 3626 qnod

86 3673 376 3764 praetervectos
398 3658 495 3732 alter
513 3659 632 3734 Ponti
650 3659 820 3759 angulus
842 3661 1003 3762 accipit,
1040 3658 1110 3737 ad·

3 3883 4 3898 ξ
87 3791 228 3874 versus
244 3789 438 3879 Pbaiiaco,
467 3806 517 3881 et,
543 3790 619 3868 niii
633 3794 804 3893 amplior
822 3791 937 3884 foret,
963 3792 1110 3872 iimilia.

3 3905 5 3967 i
88 3933 185 4008 Fuit
207 3929 275 4004 bic
295 3929 463 4018 Bizone3
493 3943 608 4004 motu
632 3941 758 4002 terrae
782 3927 996 4006 intercidit.
1044 3923 1111 4002 Est

90 4079 235 4170 portas
250 4064 432 4144 Crunoe:
462 4063 594 4153 urbes,
615 4059 917 4166 Dionysopolis,
941 4057 1115 4154 Odeffoa,
