2856 4926
518 415 616 476 cn.
650 416 711 480 tv.
1083 437 1138 490 xv

164 581 330 682 Qualem
356 596 481 654 entem
509 579 650 654 librum
680 583 781 656 hunc
807 583 920 658 hodie
948 582 1140 683 habemur,

84 705 137 778 ite
159 706 206 778 in
227 704 426 802 regionum
452 720 490 774 et
512 705 683 778 locorum
708 704 1013 804 descriptionibus
1040 707 1142 786 lolii·

84 843 196 899 tutus
218 821 270 896 est
292 843 330 898 ct
350 821 591 924 compositus,
631 843 676 898 nt
705 845 829 922 eptem
857 853 981 904 rerum
1010 829 1140 906 seriem

82 945 302 1044 iustumque
319 947 492 1020 ordinem
512 945 589 1038 vix,
616 963 681 1019 rut
700 971 782 1022 roro
807 946 994 1024 desideres.
1045 959 1141 1030 eum

84 1069 197 1142 enim
231 1068 357 1164 primo
395 1069 576 1144 summam
605 1069 722 1141 totius
748 1070 1034 1171 praecipuaeque
1067 1091 1140 1152 ter.

83 1215 216 1264 rarum
265 1191 365 1264 orbis
412 1207 530 1287 partes
568 1189 695 1284 paucio
735 1193 951 1287 complexus
992 1195 1137 1297 adtigit,

84 1312 179 1384 inde
201 1334 222 1382 e
243 1312 478 1386 Mauretania
498 1308 652 1410 egressor
670 1311 1009 1412 circumvectusque
1028 1319 1140 1392 mari·
1217 1387 1222 1406 ,

85 1433 187 1506 timo
208 1432 315 1504 cursu
335 1431 497 1532 fingulas
515 1433 702 1531 regiones,
727 1433 838 1508 litore
854 1459 980 1510 earum
1000 1439 1138 1538 legent,

84 1555 237 1652 potiore
271 1556 354 1626 loca
386 1554 542 1627 interius
577 1555 808 1652 exteriusque
839 1553 923 1646 lite,
966 1559 1137 1656 adspersit

83 1672 215 1772 paffim
253 1675 318 1763 iis,
357 1699 450 1772 quae
464 1677 517 1748 in
542 1673 629 1772 ipsit
657 1675 862 1772 incolisque
883 1681 1138 1757 memorabilia

85 1795 212 1886 essent,
245 1795 483 1894 persequitur,
515 1795 634 1869 donec
659 1819 722 1885 oo,
751 1798 851 1870 unde
873 1799 1019 1874 cursum
1037 1799 1139 1877 inlli-

85 1935 217 2008 tuerat,
248 1916 453 1990 revertitur.
503 1923 599 1990 cum
622 1916 734 2006 enim,
760 1935 805 1990 ut
823 1919 898 2016 ipsa
919 1920 1008 1996 libri
1027 1949 1138 2025 expo·

84 2036 169 2114 litio
191 2039 320 2126 docet,
351 2037 576 2112 inanimum
596 2037 812 2131 induxisset,
839 2038 1037 2142 insigniora
1058 2064 1138 2122 tro·

86 2177 171 2232 tum
191 2161 276 2232 locu
297 2155 487 2260 stringere,
509 2186 621 2258 quare
635 2161 746 2234 etiem
763 2163 881 2234 multe
897 2162 981 2239 aliie
995 2191 1137 2244 memo·

85 2301 163 2355 rote
179 2281 380 2377 praeteriit,
407 2297 444 2352 et
458 2278 584 2370 nosset,
609 2282 794 2355 maritime
815 2284 896 2356 locu
916 2304 953 2358 et
967 2285 1136 2386 frequen·

85 2403 183 2477 tiore
200 2402 341 2498 semper
362 2399 467 2476 fuisse
486 2420 524 2476 et
543 2402 663 2502 magia
686 2405 840 2494 exculte,
864 2407 936 2480 hoc
952 2408 1057 2482 cursu
1077 2410 1137 2484 uti

85 2542 134 2615 et,
159 2541 206 2596 ut
226 2525 336 2597 litora
360 2539 592 2620 procurrunt,
616 2547 851 2624 quaecunque
874 2528 1063 2629 adtigillet.
1093 2555 1136 2606 ea

86 2647 205 2719 etiem
221 2646 363 2718 calamo
379 2644 478 2742 sequi
495 2663 533 2716 et
552 2663 680 2720 notare
694 2649 839 2720 maluit.
888 2650 1048 2726 Duobus
1066 2652 1135 2752 igi·

87 2787 150 2841 tur
164 2766 274 2840 librie
295 2767 480 2864 prioribus
499 2789 602 2838 oram
621 2767 759 2840 interni
778 2768 890 2843 marie
912 2788 1042 2868 utpote
1062 2773 1135 2850 fre·

88 2888 323 2987 quentiorem
351 2905 389 2960 et
421 2885 658 2960 celebriorem
689 2888 875 2978 describit,
908 2893 1060 2968 tertium
1085 2895 1133 2970 iia

87 3009 303 3112 regionibns
323 3009 474 3102 tribuit,
499 3032 594 3107 quoa
615 3009 733 3110 cingit
748 3015 925 3088 Oceanus.

162 3260 218 3328 Ut
241 3271 366 3328 entem
394 3252 535 3328 summe
563 3255 679 3330 totius
708 3256 816 3347 libri,
850 3274 887 3332 et
914 3285 1005 3359 qnae
1032 3285 1132 3338 com·

87 3377 263 3474 plectitur
282 3395 398 3450 terrae
417 3395 554 3474 portet,
593 3377 635 3450 in
659 3403 736 3453 uno
760 3377 954 3478 conspectu
985 3381 1131 3480 pofltee,

89 3501 304 3596 adportant,
329 3500 429 3571 hunc
445 3497 615 3572 ordinem
635 3500 757 3572 tenuit
769 3502 890 3573 Melo:
923 3509 968 3575 ln
987 3503 1083 3577 libro
1098 3528 1129 3577 1.

89 3618 185 3693 secte
212 3637 331 3692 terrae
366 3619 566 3717 partitione
602 3621 836 3720 partiumque
866 3623 971 3698 brevi
1005 3624 1130 3700 descri-

1 3811 2 3824 ,
89 3744 217 3840 ptione
254 3763 275 3814 Ι
312 3749 526 3812 Mauretania
562 3743 722 3834 orditur,
762 3745 894 3816 ultima
925 3747 1132 3824 maritimae

89 3861 235 3938 Africae
259 3863 301 3934 in
323 3860 487 3936 occasum
507 3881 545 3936 et
571 3863 709 3938 fretum
730 3866 952 3940 Gaditanum
970 3867 1130 3964 regione.

89 3985 180 4058 Inde
208 3985 251 4056 in
282 4001 408 4058 ortum
441 3983 562 4060 Adam
590 3987 713 4062 versus
747 3986 900 4088 egressus
930 3997 1130 4074 Numidiam,

90 4107 240 4211 Africam
257 4109 407 4210 proptio
425 4104 474 4186 lle
493 4108 647 4205 dictem,
681 4116 908 4204 eyrmateam,
938 4122 1128 4205 Aegyptum,
