2816 4920
314 349 354 419 26
588 343 847 408 POMPONU
888 345 1059 404 uziae

318 525 500 602 eximius.
544 517 695 596 Grandi
716 543 889 620 namque
912 517 1026 594 hiatu
1047 531 1198 618 patens,
1225 539 1331 622 mon·

322 679 403 737 tem
441 657 553 733 litori
591 651 834 758 adpositum,
877 667 918 728 et
952 653 1092 730 decem
1126 652 1333 732 stadiorum

324 797 431 872 olivo
456 787 758 881 lausonnam,
795 816 843 865 ex
867 787 1022 868 summo
1047 787 1179 866 statim
1199 792 1335 867 vertice

327 929 461 1032 aperit.
519 929 636 1002 Tunc
657 926 733 1001 alte
758 923 962 1017 demissus,
991 941 1031 1002 et
1061 941 1254 1028 quantum
1276 923 1338 998 de·

328 1063 521 1150 mittitur,
558 1062 767 1160 amplior,‘
790 1063 896 1138 viret
935 1063 1036 1139 lucia
1079 1059 1340 1162 pendentibus

330 1197 532 1296 undique,
570 1210 610 1270 et
627 1209 757 1274 totum
773 1193 812 1271 se
832 1195 1041 1278 nemoroso
1062 1198 1232 1273 laterum
1254 1193 1341 1272 orbe

333 1331 628 1434 complectitur:
672 1331 770 1408 adeo
796 1329 989 1410 mirificus
1011 1357 1056 1406 ac
1079 1333 1270 1439 pulcher,
1302 1341 1344 1404 ut

335 1485 486 1550 mentes
513 1465 785 1542 accedentium
808 1469 939 1569 primo
963 1465 1154 1569 adspectu
1186 1461 1346 1543 conster-

338 1621 424 1696 nat3
473 1603 547 1680 ubi
581 1603 839 1703 contemplari
872 1601 1088 1695 duravere,
1124 1627 1210 1680 non
1235 1598 1344 1674 satiet

339 1744 455 1816 Unus
481 1739 526 1812 in
549 1761 643 1814 eum
666 1734 868 1814 descensus
891 1735 965 1829 est,
999 1735 1208 1840 angustus,
1237 1732 1347 1835 asper,

343 1876 653 1976 quingentorum
673 1887 712 1946 et
727 1873 823 1946 mile
846 1869 1043 1973 passuum,
1080 1898 1155 1974 per
1179 1889 1349 1946 amoenas

343 2007 504 2084 umbras
525 2021 565 2081 et
588 2030 707 2106 opaca
728 2005 846 2082 silvae
871 2008 1065 2106 quiddam
1088 2003 1235 2110 agreste
1257 1999 1350 2080 reso·

343 2143 497 2231 nantis,
544 2142 642 2216 rivis
671 2139 767 2216 hinc
808 2159 927 2242 atque
956 2145 1071 2220 illinc
1103 2139 1349 2236 fluitantibus»

347 2277 430 2353 Ubi
453 2276 503 2351 ad
531 2275 611 2350 ima
644 2291 884 2376 perventum
917 2277 991 2371 est,
1035 2278 1200 2358 rursum
1220 2281 1352 2378 Specus

349 2414 447 2488 alter
472 2411 664 2514 aperitur,
704 2411 756 2487 ob
781 2413 856 2487 alia
877 2413 1081 2493 dicendus.
1142 2421 1279 2494 Terret
1300 2409 1353 2481 in·

351 2545 572 2648 gredientes
599 2544 734 2625 sonitu
769 2549 1065 2648 cymbalorum,
1106 2549 1297 2628 divinitus
1322 2551 1354 2613 et

314 2745 318 2754 .
351 2709 495 2785 magno
536 2681 691 2784 fragore
734 2685 1024 2785 crepitantium.
1102 2681 1261 2764 Deinde
1295 2673 1355 2750 eli·

354 2819 548 2922 quamdiu
567 2817 807 2919 perspicuus,
836 2846 940 2910 mox,
964 2835 1004 2895 et
1023 2847 1104 2921 quo
1122 2820 1246 2920 magis
1262 2809 1356 2889 subi·

354 2969 434 3042 tur,
470 2951 685 3043 obscurior,
725 2952 835 3030 ducit
866 2954 978 3032 ausos
1006 2958 1186 3059 penitus,
1215 2952 1356 3044 alteque

357 3083 466 3187 quasi
501 3087 688 3165 cuniculo
727 3088 911 3174 admittit.
979 3092 1041 3166 Ibi
1077 3093 1218 3193 ingene
1245 3077 1356 3159 amnis

356 3221 512 3320 ingenti
550 3219 663 3298 fonte
691 3220 730 3296 se
769 3226 978 3316 extollens,
1025 3217 1299 3303 tantummodo
1313 3206 1358 3304 [θ

360 3353 550 3446 ostendit,
597 3372 655 3448 et,
696 3359 767 3434 ubi
803 3383 994 3460 magnum
1030 3363 1226 3465 impetum
1258 3341 1359 3428 brevi

361 3489 475 3566 alveo
512 3494 647 3580 traxit,
698 3493 845 3570 iterum
882 3493 1080 3573 demersus
1112 3486 1357 3572 absconditur·

360 3629 468 3704 Intra
488 3623 656 3726 spatium
681 3626 754 3718 est,
797 3633 937 3730 magis,
970 3657 1092 3732 quam
1118 3647 1166 3708 ut
1189 3609 1360 3729 progredi

363 3761 560 3862 quispiam
582 3761 691 3851 ausit,
713 3763 919 3856 horribile,
949 3781 988 3842 et
1006 3764 1099 3843 ideo
1117 3759 1360 3863 incognitum

175 3990 180 4012 ¹
265 3921 267 3924 ·
364 3898 493 3974 Totus
512 3911 644 3970 autem
663 3896 850 3997 augustus
868 3915 907 3976 et
928 3923 1022 3976 vere
1042 3897 1167 3991 sacer,
1193 3879 1361 3972 habitari·

365 4053 445 4132 que
471 4032 601 4111 aDiis
627 4046 666 4108 et
690 4031 836 4136 dignus
865 4050 906 4113 et
932 4033 1127 4128 creditus,
1164 4025 1266 4112 nibil
1288 4033 1363 4096 non
