2856 4926
452 405 549 462 etr.
591 405 697 464 v111.
969 421 1097 469 txxxt
1160 467 1169 476 .

60 573 171 660 vitia,
197 593 288 667 quae
307 567 520 674 irrepserant
540 571 821 668 typographica,
848 569 886 642 in
906 567 978 644 fine
998 573 1095 648 indi·

62 711 131 766 cett
151 691 337 777 emendat,
368 689 468 785 quod
490 691 699 787 neglectum
719 687 785 762 ess'e
809 691 886 762 vidi
907 696 1093 770 aDukero

61 817 100 888 ιι]
120 814 303 888 Perizonii
322 829 448 900 notae,
476 827 519 883 ut
542 835 574 900 1,
598 835 632 905 9,
656 815 691 884 6.
722 809 786 884 etfi
805 814 1006 890 emendatis
1029 821 1095 892 ali·

60 953 195 1033 quanto
217 933 340 1006 insunt
359 934 474 1028 plura.
525 933 645 1006 Reizii
670 933 849 1007 beneficio
869 935 947 1009 eius
969 941 1093 1014 lectio·

58 1081 119 1130 nes
154 1073 282 1127 notare
313 1053 432 1125 licuit.
497 1059 666 1126 Ceterum
694 1051 834 1129 Ernesti
866 1057 905 1128 in
937 1061 1092 1136 Fabricii

58 1177 224 1250 biblioth.
245 1183 325 1249 int.
339 1181 382 1248 Τ.
399 1198 433 1246 n.
449 1199 483 1270 p.
501 1197 560 1264 77.
580 1176 756 1248 editorem
778 1176 902 1250 minus
918 1203 1091 1274 accurate,

58 1317 94 1370 ut
113 1301 180 1371 alii
200 1297 368 1394 quidam,
392 1296 563 1368 nominet
577 1297 813 1387 coeldorum,
840 1299 895 1371 uti
916 1299 989 1374 inm
1013 1331 1093 1379 mo·

57 1420 139 1492 nuit
150 1417 356 1512 Seyboldus
371 1417 411 1488 in
427 1414 634 1514 prolusione
649 1415 862 1508 scholastica,
886 1423 943 1492 cui
967 1423 1094 1500 insunt

59 1540 299 1614 correctiones
331 1555 369 1612 et
397 1537 647 1636 supplementa
679 1539 768 1610 bibl.
798 1547 878 1612 Lat.
913 1544 1094 1621 Fabricio·

57 1660 284 1736 Emollienee
302 1687 338 1758 p.
356 1665 390 1734 6.
413 1660 649 1755 (Buxovillae
669 1683 775 1754 179⁰·
793 1665 849 1754 4.)

307 1896 363 1968 19.
425 1869 636 1942 Viennae
666 1892 772 1956 1512.
807 1887 843 1964 4.

129 2033 174 2096 P.
198 2031 251 2094 M.
276 2029 495 2113 Geogrepbiee
513 2027 604 2094 Libri
622 2027 687 2096 11t
713 2029 881 2093 Hermolai
904 2031 1041 2099 Barbari
1058 2038 1093 2102 in

58 2153 184 2216 endem
199 2153 340 2235 integrae
353 2149 585 2244 refiigntioner.
638 2142 808 2218 Titulum
823 2143 981 2242 sequitur
994 2175 1093 2246 prae·

58 2283 110 2340 ter
135 2265 299 2340 indicem
319 2259 464 2362 epistole
488 2271 539 2335 lo.
557 2265 733 2337 Camertis
755 2269 840 2362 (qui
863 2267 907 2340 ab
929 2269 1017 2342 urbe
1033 2297 1095 2369 pn·

58 2388 123 2460 tria
142 2389 332 2460 Camerina
353 2383 399 2457 fio
420 2385 492 2491 dici
517 2385 667 2475 maluit,
700 2411 786 2458 curn
808 2413 936 2459 verum
958 2414 1096 2468 nomen

57 2527 198 2605 gereret
211 2513 264 2578 lo.
277 2505 444 2580 llioutius
460 2505 619 2596 vellini)
641 2507 687 2577 ed
703 2507 958 2580 Theobaldum
974 2507 1097 2585 Offen-

55 2626 284 2728 burgmsem,
305 2625 431 2723 scripta
450 2649 555 2713 1512.
582 2627 621 2700 in
638 2653 708 2724 qua
724 2631 823 2702 huno
838 2631 973 2717 laudat,
996 2635 1098 2728 quod

56 2749 131 2845 ipso
166 2747 340 2820 fundente
369 2748 574 2846 plurimum
605 2749 737 2844 pariter
759 2765 796 2820 et
823 2749 971 2822 iuvante
995 2755 1097 2826 Mela

55 2897 175 2968 nuper
190 2866 413 2968 castigatius,
438 2891 549 2964 quern
569 2869 677 2957 aliae,
701 2867 888 2966 imprellus
910 2867 1038 2956 fuerit3
1064 2871 1100 2946 se

55 2993 222 3066 indicem
235 2991 396 3062 auctoris
410 2987 599 3078 addidill'e,
623 2990 682 3060 oui
696 2989 839 3071 subiicit
858 2987 1099 3066 tetrastichon.

55 3114 226 3188 iudicem
247 3109 381 3204 excipit
399 3109 472 3204 ipso
494 3110 611 3200 Mela,
641 3109 681 3182 in
702 3113 817 3209 cupite
836 3111 908 3186 fine
930 3141 1100 3187 numero·

54 3261 142 3310 rum
158 3253 283 3306 tamen
302 3233 401 3304 notie
415 3229 562 3320 divisus,
588 3255 679 3328 quoe
693 3258 712 3303 a
727 3235 960 3307 Gronovirna
976 3232 1098 3309 distin·

54 3357 184 3430 ctione
212 3353 430 3446 discrepent.
482 3353 541 3425 Sic
562 3377 636 3450 cop.
658 3378 713 3446 19.
735 3353 821 3426 libri
841 3377 871 3424 1.
893 3357 988 3452 apud
1011 3363 1098 3430 Gro-

54 3476 221 3551 novium
240 3473 281 3545 in
301 3475 422 3569 plures
435 3473 496 3546 hic
509 3469 556 3546 efl
577 3475 770 3546 dissectum
791 3477 997 3570 particulas,
1023 3489 1099 3548 Aeo·

54 3607 107 3678 lis,
132 3604 301 3674 Bitbirrr'o,
327 3602 560 3684 Paphlagonia.
587 3601 754 3687 Chalybes,
781 3615 823 3668 ut
843 3594 972 3692 etpost
989 3601 1099 3671 multi

54 3719 123 3792 elii
156 3715 338 3790 fecenrnt.
387 3723 550 3792 Textum
584 3719 719 3814 excipit
744 3721 933 3792 Hermolai
958 3721 1102 3792 llnrbari

53 3837 244 3938 praefatio
258 3837 305 3910 nd
319 3827 420 3910 Alex}
435 3845 498 3911 vt.
516 3861 601 3912 oum
615 3839 692 3911 eius
713 3835 1021 3938 colligationibus.
1057 3847 1101 3912 ln

55 3961 135 4036 fine
161 3961 271 4033 haec:
315 3965 457 4030 Viennae
478 3987 536 4048 per
558 3965 784 4050 Hieronymum
813 3969 973 4033 Victorem
999 3969 1102 4029 Philo·

55 4091 181 4154 vallem
210 4097 243 4149 et
265 4086 419 4150 Ioannem
441 4087 635 4170 Simmiam
656 4087 695 4150 de
718 4087 838 4172 Oeting
864 4089 1103 4172 Calcogroplws

107 4219 157 4274 De
177 4215 276 4289 Pomp.
294 4213 386 4272 Mela.
757 4209 779 4286 f
