2856 4926
323 421 453 471 rxxrv
567 403 630 464 DE
671 405 943 467 POMPONIO
988 410 1125 470 Meta

322 600 409 644 anno
433 577 574 642 Domini
598 575 923 648 Mccccxcvttt.
974 581 1046 646 Sole
1086 583 1184 648 Tauri
1212 597 1356 670 mactum

321 701 488 786 gradiente
505 701 653 784 primum.
681 713 717 786 4.
768 694 964 768 Adnexum
985 698 1166 796 reperitur
1179 702 1272 773 Aelii
1290 709 1356 776 Aa·

322 815 419 890 tonii
454 813 689 890 Nebrilsensie
724 818 960 890 Grammatici
991 817 1034 890 in
1065 820 1357 920 cosmographiae

320 937 439 1014 libros
464 937 788 1012 introductoriam.
838 937 915 1036 Ipsa
939 938 1137 1036 Pomponii
1156 942 1358 1040 Cosmo'gra·

319 1059 423 1158 pbia,
457 1084 549 1158 quae
571 1058 771 1157 praecedit,
803 1057 939 1158 figurae
969 1061 1117 1134 exhibet
1146 1077 1183 1136 et
1210 1063 1357 1134 summa·

320 1184 414 1257 riam
438 1180 718 1280 descriptionem
749 1181 894 1254 tabulae
924 1177 1037 1254 nostri
1062 1182 1173 1256 orbis.
1225 1179 1358 1258 ilariffi·

320 1329 421 1378 mam
436 1305 531 1375 hanc
545 1301 763 1392 editionem,
790 1320 827 1374 et
842 1329 933 1400 quae
948 1302 1014 1376 vix
1036 1304 1159 1402 egredi
1173 1302 1358 1401 Hispaniae

319 1425 457 1500 limites
482 1423 563 1496 ausa
586 1423 750 1512 videtur,
781 1422 932 1520 possedit
954 1423 1154 1518 Majanfiue
1173 1445 1209 1499 et
1230 1428 1270 1499 in
1290 1425 1358 1522 spe·

320 1547 457 1622 oimine
472 1545 714 1619 bibliothecae
730 1545 912 1641 Hispano·
923 1543 1166 1638 Majansianae
1185 1543 1359 1643 descripsit

317 1667 481 1744 Davides
511 1670 680 1739 Clemens
710 1673 903 1760 (Hannon.
932 1689 1041 1755 1753.
1066 1671 1124 1760 4.)
1149 1693 1232 1767 pag.
1252 1693 1295 1740 ια
1312 1667 1357 1764 sq.

317 1797 482 1865 Tantum
509 1789 597 1861 haec
623 1811 735 1885 porro
768 1787 870 1858 addit
898 1785 1113 1882 Majanfius:
1166 1786 1359 1886 Pomponii

316 1914 441 1987 Melae
460 1909 548 1982 libri
569 1909 699 1982 multis
716 1907 860 1980 mendis
874 1906 1021 1999 scatent,
1045 1909 1116 2000 sed,
1142 1891 1256 2007 piout
1269 1909 1358 1998 sunt,

316 2029 495 2108 aestimari
507 2029 660 2118 debent,
687 2055 728 2101 ac
742 2027 768 2100 fi
780 2054 894 2100 manu
912 2031 1047 2103 exarati
1061 2029 1188 2120 essent,
1213 2047 1359 2128 propter

315 2155 500 2227 variantes
520 2151 706 2222 lectiones.
759 2148 853 2221 Usus
870 2146 918 2222 est
937 2152 1000 2222 illa
1017 2151 1179 2224 editione
1194 2153 1289 2226 Petr‘.
1306 2159 1356 2224 Io.

315 2266 524 2350 Nunnefius
546 2271 587 2342 in
607 2270 807 2358 adnotatis,
842 2295 935 2380 quae
958 2274 1113 2367 protulit
1135 2273 1175 2346 in
1199 2271 1359 2346 editione

314 2396 439 2488 Melae
466 2409 573 2484 1743.
608 2398 651 2464 A.
668 2393 875 2464 Gronovius
891 2392 977 2465 inde
992 2419 1011 2465 a
1027 2421 1062 2492 p.
1079 2415 1163 2481 521.
1187 2411 1224 2467 et
1243 2395 1357 2471 varias

315 2517 395 2592 eius
417 2513 595 2589 lectiones
618 2513 718 2609 saepe
740 2501 867 2584 adfert.
919 2515 1109 2612 ignoravit
1132 2541 1232 2606 eam,
1260 2515 1358 2613 quod

314 2639 455 2712 mirum
476 2653 571 2708 recte
593 2634 773 2722 videatur,
810 2635 931 2706 Nicol.
953 2637 1138 2709 Antonius
1160 2637 1202 2709 iu
1225 2637 1358 2710 biblio·

313 2762 418 2834 theca
449 2757 661 2855 Hispanica,
704 2773 813 2852 quem
848 2755 1002 2827 omnino
1035 2755 1137 2855 saepe
1165 2759 1358 2854 deceptum

313 2883 400 2958 salsa
421 2875 615 2976 prodidisse
638 2876 760 2950 scribit
785 2875 984 2970 Majansrus
1008 2903 1044 2974 p.
1069 2901 1102 2965 3.
1133 2898 1171 2950 at
1192 2877 1358 2952 indicant

311 3003 431 3078 Denia
447 3001 487 3072 in
501 2999 753 3095 supplemento
769 3017 915 3098 typogr.
926 2997 1119 3070 Maittairii
1135 3005 1171 3071 P.
1186 3024 1217 3073 1.
1226 3017 1356 3096 p.45o.

313 3123 360 3196 ad
377 3145 434 3192 en.
454 3137 562 3211 1498.
586 3136 622 3188 et
639 3125 776 3189 Panzer
794 3119 833 3190 in
854 3119 974 3190 annal.
998 3137 1141 3218 typogr.
1158 3129 1201 3196 T.
1217 3147 1251 3212 3.
1270 3151 1306 3220 p.
1323 3146 1356 3194 e.

312 3247 369 3320 Eo
384 3240 499 3340 igitur
513 3237 629 3337 magis
646 3240 923 3329 contenderem,
945 3258 987 3310 ut
1003 3245 1082 3314 eius
1101 3241 1268 3321 subsrdiie
1284 3243 1359 3318 frui

311 3361 464 3460 possem,
497 3360 769 3458 contigeratque
791 3360 919 3447 etiam,
948 3378 989 3432 ut
1007 3361 1226 3455 invenirem,
1254 3367 1358 3439 cuius

311 3509 382 3580 ope
412 3484 478 3554 illa
512 3481 666 3554 Madriti
697 3481 944 3578 exquireretur
970 3499 1006 3554 et
1030 3481 1082 3554 sat
1107 3487 1210 3558 lauto
1237 3487 1358 3584 pretio

311 3621 408 3678 emta
427 3603 469 3674 in
495 3625 627 3673 manus
655 3626 753 3675 meae
780 3603 995 3696 perveniret.
1046 3613 1096 3678 At
1119 3605 1197 3700 spes
1220 3625 1359 3680 eventu

310 3727 436 3800 caruit.
500 3729 594 3794 Cum
623 3722 724 3793 enirn
753 3723 947 3818 Hispaniae
980 3743 1017 3798 et
1045 3730 1358 3800 Franco-Galliae

310 3845 470 3921 confinia
487 3839 683 3938 adtigislet,
710 3843 749 3913 in
767 3843 890 3916 medio
906 3847 1010 3917 cursu
1025 3871 1111 3919 cum
1126 3850 1266 3920 Sanctii
1284 3849 1360 3921 edi·

290 4063 292 4070 Α
310 3969 423 4055 tione,
449 3964 552 4036 illius
578 3961 725 4051 comite,
760 3963 850 4035 belli
868 3984 955 4038 tunc
971 3967 1159 4067 pallantis
1178 3972 1358 4071 voragine

310 4089 510 4184 intercepte
531 4101 568 4157 et
593 4081 756 4179 absorpta
780 4079 838 4156 est.
