2816 4920
175 403 236 461 nn
274 399 384 460 srrn
419 399 567 460 onais
604 405 696 462 Lro.
725 407 765 462 11.
809 407 933 466 cvn.
1028 419 1070 482 73

64 587 180 662 tamen
198 597 260 664 co,
288 573 400 675 quod
417 574 476 650 ibi
492 572 635 677 sepulti
653 577 760 650 Iovis
776 601 900 676 paene
918 573 1069 650 clarum

63 705 273 808 vestigium,
295 707 535 813 sepulcrum,
565 710 632 786 cui
647 713 901 787 nomenoius
922 709 1070 786 inscul-

61 839 252 943 plumella
270 847 424 922 accolae
448 843 671 920 ostendunt.
731 845 903 920 Urbium
924 844 1068 922 notilli·

61 1000 155 1064 mse,
200 975 372 1068 Gnosos,
418 983 617 1080 Gortyna,
663 983 830 1078 Lyctos,
871 978 1068 1080 Lycastos,

60 1111 295 1212 Holopyxos,
322 1114 568 1216 Therapnae,
596 1113 801 1216 Cydonea,
828 1112 1067 1204 Maratlrnssa

59 1245 260 1347 Dictynna.
318 1252 427 1324 Inter
461 1251 600 1340 colles,
638 1250 750 1348 quod
784 1251 841 1326 ibi
867 1253 1068 1326 nutritum

58 1381 181 1456 lovem
203 1385 446 1486 accepimns,
488 1383 592 1461 fama
609 1385 713 1459 ldaei
731 1386 877 1462 montis
897 1387 1065 1461 excellit.

58 1517 157 1592 quta
181 1517 236 1594 est
258 1515 506 1622 Astypalaea,
550 1520 823 1608 Naumachos,
868 1521 1065 1621 Zephyre,
1078 1541 1123 1608 ¹3

60 1651 208 1754 Chryse,
236 1654 410 1746 Gaudos,
442 1671 481 1732 et
506 1680 603 1754 quas
630 1659 870 1754 Μουσαγόρους
895 1679 1066 1732 numero

60 1799 143 1878 tres,
177 1817 264 1868 uno
289 1806 421 1867 tamen
448 1793 647 1866 vocabulo
670 1790 870 1892 adpellant
880 1815 897 1866 :-
935 1807 1067 1887 atque,

60 1921 155 2000 anda
186 1927 402 2028 Carpathio
438 1929 539 2004 mari
562 1953 783 2026 cognomen
814 1925 888 2015 ell,
924 1927 1068 2026 Carpa-

60 2055 145 2134 thos
200 2065 249 2138 ln
269 2061 414 2138 Hadria
432 2061 895 2164 Apsoros,·l)yscelados,
924 2057 1069 2158 Absyr-

62 2192 119 2281 tis,
151 2193 240 2286 Illa,
279 2199 428 2298 Pityia,
467 2196 643 2298 Hydria,
680 2195 916 2284 Electridas,
954 2197 1068 2296 nigra

61 2311 230 2430 Corcyra,
268 2335 522 2432 Tragurium,
558 2330 784 2420 Diomedia,
816 2329 974 2418 Aestria,
1002 2331 1069 2406 sa-

61 2456 138 2552 lon,
175 2483 315 2565 atque,
355 2484 401 2542 ut
436 2469 712 2556 Alexandriae,
760 2471 812 2542 ita
841 2461 1067 2542 Brundulio

62 2595 223 2678 adiacens
245 2601 403 2678 Pharos.
439 2604 570 2676 Sicilia
587 2606 650 2697 (ut
671 2603 823 2700 ferunt)
848 2597 1125 2699 aliquand014

63 2737 275 2824 continens,
303 2711 342 2812 et
364 2763 457 2838 agro
480 2741 635 2838 Brpttio
658 2739 826 2823 adnexa,
855 2733 940 2835 poll
963 2731 1066 2809 freto

62 2871 164 2946 maris
189 2874 315 2948 Siculi
337 2869 489 2948 abscilla
511 2871 576 2948 est.
637 2871 682 2946 ld
707 2868 914 2970 angustum
934 2884 975 2942 ct
998 2888 1067 2942 an·

63 3023 138 3102 cepa
155 3007 307 3082 alterno
325 3007 442 3087 curin
459 3008 582 3084 modo
601 3011 641 3081 in
659 3005 852 3092 ruscum,
881 3003 1004 3080 modo
1021 3003 1064 3077 in

62 3135 204 3218 lonium
235 3144 398 3243 pelagus
425 3139 605 3242 perfluit,
641 3158 770 3227 atrox,
807 3137 988 3226 laevum,
1027 3151 1067 3212 et

64 3272 197 3372 Scyllae
215 3275 520 3376 Charybdinque
539 3275 667 3351 saevis
685 3275 919 3350 nominibus
937 3273 1066 3348 inclu-

64 3418 144 3484 tum.
212 3411 344 3511 Scylla
383 3408 518 3488 laxum
562 3411 636 3498 cll,
686 3408 910 3508 Charybdis
947 3431 1066 3494 mare,

63 3555 263 3646 utrumque
292 3547 459 3622 noxium
493 3545 676 3646 adpulsas.
749 3541 834 3642 lplu
865 3545 1005 3643 ingens
1028 3557 1068 3618 et

65 3676 174 3756 tribus
216 3683 505 3780 promontoriis
547 3684 590 3756 in
628 3677 780 3756 diversa
818 3703 1068 3778 procurrens,

64 3809 212 3890 Graecae
232 3818 368 3892 literae
389 3819 621 3917 imaginem,
653 3841 752 3913 quae
769 3817 885 3891 Delta
908 3814 1067 3900 dicitur,
1102 3795 1105 3800 ¹

64 3943 173 4024 efficit.
238 3953 472 4049 Pachynum
499 3969 687 4038 vocatur,
726 3948 838 4049 quod
865 3949 1121 4034 Graeciam15

65 4073 212 4180 spectat:
248 4085 502 4188 Lilybaeum,
527 4087 641 4188 quod
667 4083 869 4162 Africanas:
903 4083 1066 4171 Paleris,
