2816 4920
227 362 287 420 nc
323 365 435 432 siro
472 364 615 426 ouots
648 367 739 424 mn.
771 369 809 424 π.
854 367 887 428 c.
910 370 933 424 1.
1049 374 1091 446 ⁴5

80 557 193 632 aquas
215 535 365 634 accipit,
386 548 432 611 ut
446 531 529 635 ipse
548 560 710 635 quoque
724 537 803 614 iam
820 535 882 613 lui
898 491 1089 626 diillmilis

79 683 115 742 et
139 694 224 745 non
258 667 387 746 dulcis
413 668 510 744 hinc
545 667 702 748 defluat
766 673 927 748 Axiacea
954 673 1090 772 proxi·

79 827 161 878 mus
204 803 312 909 intra
345 803 559 905 callipidas
595 806 835 906 Axiacaaque
875 803 1087 882 descendit.

79 940 154 1012 Hos
175 939 224 1012 ab
245 937 388 1018 lllricia
404 944 513 1040 Tyra
529 938 689 1041 l'eparat,
716 936 843 1040 surgit
857 941 900 1014 in
915 941 1086 1016 Neuris:

78 1095 148 1170 qua
170 1073 271 1163 exit,
304 1072 367 1152 sui
389 1075 565 1152 nominis
587 1073 784 1176 oppidum
804 1073 982 1174 adtingit.
1035 1075 1122 1160 Ata

77 1205 157 1296 ille,
185 1209 259 1308 qui
275 1209 458 1310 Scythiae
479 1210 690 1311 populosa
710 1207 967 1309 sequentibus
989 1206 1087 1284 diri·

75 1343 153 1431 mit,
180 1344 325 1445 apertis
343 1345 387 1418 in
403 1346 612 1419 Germania
626 1341 818 1432 fontibus,
846 1345 938 1432 alio,
965 1368 1086 1442 quam

47 1565 48 1568 Ἴ
75 1473 227 1568 definit,
255 1479 419 1554 nomine
439 1481 626 1556 exoritur.
675 1481 781 1554 Nam
805 1504 875 1578 per
899 1477 1086 1554 immania

2 1691 3 1694 ,
74 1633 298 1712 magnarum
322 1615 501 1714 gentium
518 1611 591 1690 diu
607 1615 817 1690 Danubius
833 1611 907 1688 est:
938 1611 1084 1688 deinde
1107 1649 1111 1656 ·

2 1768 3 1844 j
74 1744 177 1821 aliter
201 1771 297 1822 eum
320 1747 608 1848 adpellantibus
628 1749 789 1836 accolis,
820 1745 863 1822 fit
882 1744 992 1835 lster,
1023 1769 1081 1820 ac·

74 1881 267 1982 captisque
302 1883 457 1982 aliquot
487 1883 690 1972 amnibus,
732 1885 871 1982 ingens
903 1883 1002 1970 iam,
1044 1893 1084 1954 et

74 2037 224 2104 eorum,
259 2017 331 2116 qui
351 2017 396 2092 in
417 2015 610 2094 Nostrum
632 2042 740 2118 mare
761 2016 970 2106 decidunt,
1000 2030 1085 2108 ten·

74 2163 150 2224 tum
172 2152 275 2228 Nilo
298 2153 453 2242 minor,
488 2151 676 2242 totidem,
712 2169 813 2250 quot
837 2152 926 2250 ille,
963 2147 1084 2240 ostiis,

72 2280 132 2360 led
162 2285 291 2362 tribus
327 2285 534 2378 tenuibus,
583 2285 749 2386 reliquie
778 2287 1083 2388 navigabilibus,

73 2418 205 2498 effluit.
264 2421 424 2520 Ingenia
445 2421 656 2520 cultusque
675 2423 854 2520 gentium
877 2415 1118 2526 differunt9

2 2587 3 2652 ἦ
72 2551 272 2634 Essedones
286 2551 426 2630 funera
450 2572 659 2656 parentum
679 2557 771 2631 laeti
793 2572 832 2630 et
848 2555 1020 2630 victimis
1037 2577 1080 2628 ac
1138 2557 1143 2563 '

2 2667 3 2752 l
66 2685 160 2766 ¹festo
192 2691 303 2766 coitu
330 2685 589 2764 familiarium
627 2691 833 2764 celebrant.
902 2691 1081 2787 Corpora

2 2897 3 2904 ,
72 2820 144 2921 ipla
161 2823 323 2912 laniata,
359 2838 399 2897 et
417 2821 530 2899 caesis
553 2849 745 2924 pecorum
767 2820 983 2899 visceribus
1006 2824 1081 2898 im·

72 2955 185 3047 mista,
213 2955 414 3058 epulando
432 2955 684 3052 consumunt.
716 2959 865 3057 Capita,
880 2959 951 3051 ubi
969 2955 1079 3034 fabre

74 3095 312 3192 expolivere,
350 3117 448 3168 auro
476 3093 608 3168 vincta
637 3119 710 3195 pro
740 3094 896 3194 poculis
924 3109 1077 3194 gerunt.

2 3211 3 3248 ³
75 3229 167 3304 llaec
181 3225 274 3306 lant
292 3227 399 3328 apud
414 3251 481 3304 eos
496 3225 600 3328 iplos
617 3229 772 3329 pietatis
788 3229 925 3304 ultima
941 3227 1076 3312 officia.

2 3401 3 3422 κ
75 3359 267 3464 Agathyrfi
295 3387 365 3438 ora
398 3379 584 3464 artusque
611 3364 802 3466 pingunt:
851 3379 897 3440 ut
925 3367 1077 3464 quique
1091 3392 1133 3440 lo

74 3497 281 3573 maioribus
312 3495 522 3604 praestant,
558 3499 612 3574 ita
641 3499 784 3598 magis,
823 3498 889 3574 vel
920 3501 1077 3576 minus:
1182 3547 1185 3554 -

77 3646 239 3708 ceterum
259 3631 403 3708 iisdem
428 3657 568 3743 omnes
591 3633 717 3720 notis,
755 3649 795 3708 et
823 3631 943 3708 ficut
969 3633 1078 3710 ablui

2 3743 3 3780 ³
74 3782 270 3880 nequeant.
339 3767 554 3870 Satarchae,
574 3769 672 3874 ¹auri
690 3770 932 3867 argentique,
957 3771 1078 3844 maxi·

75 3921 220 3978 mamm
231 3899 413 4002 pellium,
429 3903 567 4004 ignari,
585 3901 672 4006 vice
689 3927 822 3980 rerum
842 3904 1078 3978 commercia

75 4051 262 4148 marcent,
307 4050 424 4140 atque
454 4035 507 4116 ob
539 4032 651 4116 laeva
684 4037 828 4116 hiemis
859 4035 1077 4117 admodum
