2868 4930
212 390 213 394 '
326 349 500 458 exxxn'
576 386 642 445 nu
683 385 954 446 nomenato
1000 388 1135 447 urata

329 554 471 655 quaed
495 551 580 628 nsua
602 576 704 626 meos
733 572 883 652 promto
907 551 1028 628 studio
1059 551 1281 656 perlustravit
1300 563 1355 636 Ge.

330 683 404 781 aig.
419 676 549 776 Iaspis,
574 675 679 751 verbi
693 675 817 750 divini
833 675 874 750 in
891 676 956 750 illa
972 677 1063 750 urbe
1078 676 1246 752 minister.

214 939 219 947 ·
324 869 327 879 ¹
425 928 487 1002 91.
524 899 743 1000 Lugduni
784 905 1065 980 Batavorum
1094 922 1201 997 1743·
1230 927 1284 976 tu.

402 1073 553 1152 Curavit
577 1079 619 1146 A.
647 1073 876 1164 Gronovius,
910 1075 975 1172 qui
995 1099 1133 1148 nomen
1155 1071 1362 1148 dedicationi

331 1198 511 1301 praefixit.
554 1194 647 1268 Usus
664 1190 769 1268 estin
785 1195 914 1294 primia
930 1197 1093 1269 editione
1107 1196 1300 1283 Reinoldii,
1323 1195 1363 1265 ad

332 1345 444 1421 quam
464 1313 591 1415 paffim
613 1333 757 1389 textum
777 1315 851 1390 stne
873 1319 971 1392 notia
995 1335 1116 1390 tumen
1138 1315 1299 1390 emiffum
1315 1315 1364 1386 in·

332 1439 520 1518 formavit.
569 1437 784 1514 Editionem
809 1440 921 1512 elium
950 1441 1080 1513 eodem
1103 1465 1203 1514 anno
1229 1460 1265 1512 et
1288 1441 1365 1512 loco

332 1567 375 1640 in
393 1583 427 1654 3.
452 1561 659 1658 adparatum
681 1585 766 1633 curn
790 1560 1104 1636 observationibus
1130 1560 1242 1634 Voffii
1259 1578 1295 1632 et
1314 1583 1365 1654 171

332 1685 488 1788 pendice
510 1699 776 1756 commemorat
796 1683 972 1784 Georgius
993 1685 1032 1758 in
1048 1682 1308 1783 subplementia
1328 1679 1368 1750 ad

332 1811 473 1884 librum
505 1804 609 1903 supra
639 1803 876 1878 nominatum
907 1810 1047 1879 Bricher
1061 1847 1074 1864 ·
1089 1806 1254 1879 Lexicon
1279 1809 1316 1876 Ρ.
1338 1823 1367 1871 1.

333 1956 414 2030 pag.
439 1949 523 2017 253.
576 1934 637 1999 An
659 1943 756 1999 recte
780 1943 818 1999 et
841 1951 945 2017 vere,
979 1927 1146 2000 dubitare
1174 1927 1278 2013 licet,
1310 1945 1371 1997 neo

334 2071 471 2124 temere
496 2049 538 2121 in
559 2049 632 2121 hoe
651 2065 801 2124 auctore
825 2065 862 2124 et
886 2049 986 2124 libro
1008 2049 1195 2124 dubitavit
1214 2055 1371 2146 Hugerua

333 2147 561 2272 naua-ol.

457 2427 520 2502 9⁹·
571 2404 1193 2498 CuriaaVariseorum1744.
1223 2423 1259 2492 a.

406 2577 671 2656 Meisnerianae
685 2577 873 2671 editionis,
895 2598 1006 2678 quam
1019 2595 1123 2652 antea
1137 2577 1186 2651 ad
1201 2603 1260 2652 an.
1274 2593 1375 2668 1777.

284 2753 288 2768 ·
330 2701 511 2792 indicavi,
535 2699 716 2799 repetitio.
1070 2707 1073 2714 ’

286 2939 289 2954 ’
432 2977 495 3054 93.
542 2953 763 3054 Lugduni
795 2961 1073 3030 Batavorum
1103 2973 1216 3048 1748·
1245 2975 1282 3044 fl.

399 3133 557 3201 Curante
570 3125 655 3200 Abr.
671 3125 872 3201 Gronovio.
899 3133 1043 3201 Praeter
1057 3151 1107 3218 ea,
1124 3129 1283 3226 quaein
1297 3113 1378 3199 edit.

283 3234 286 3245 ¹
336 3271 443 3339 1722.
464 3247 713 3347 reperiuntur,
739 3246 966 3346 fiexceperia
987 3247 1127 3322 Iulium
1149 3249 1379 3336 Honorium,

330 3370 527 3444 Aethicum
553 3388 591 3443 et
616 3373 872 3470 Geogruphum
896 3378 1165 3458 Ravennatem,
1203 3368 1382 3456 exclusos,

235 3488 238 3494 ’
321 3488 546 3562 accederunt
566 3468 626 3564 irio
638 3511 749 3566 uotae
762 3498 820 3566 Pe.
838 3489 1084 3566 Io.Nunnes1i
1104 3491 1145 3562 in
1162 3492 1245 3564 duo
1262 3492 1381 3591 priora

327 3609 447 3706 capita
477 3611 566 3684 libri
587 3614 717 3709 primi,
754 3621 825 3688 lau.
851 3613 1036 3688 Perizonii
1062 3613 1108 3688 ud
1141 3612 1239 3686 libri
1272 3611 1383 3709 primi

328 3757 431 3830 capp.
453 3751 510 3820 17.
543 3735 603 3806 Ibi
616 3735 728 3825 enim,
751 3761 837 3808 cum
851 3738 975 3808 Melae
991 3735 1198 3806 editionem
1216 3719 1386 3808 criticum

328 3833 507 3926 idernare
524 3851 747 3944 inftituiffet,
778 3858 820 3930 in
839 3858 963 3929 medio
982 3880 1112 3952 operae
1127 3857 1241 3930 cursu
1263 3875 1386 3931 morte

325 3975 551 4071 interceptus
589 3973 754 4052 substitit.
813 3979 1004 4052 Ultimum
1034 3981 1161 4053 locum
1198 3996 1389 4080 occupant

325 4095 439 4195 ipliua
465 4095 553 4171 abr.
577 4099 759 4176 Gronovii
782 4117 908 4194 notua,
942 4126 1034 4202 quae
1065 4117 1190 4178 textus
1219 4102 1388 4178 maxime
