2868 4930
479 381 578 442 CAP.
617 383 667 444 Vl
675 384 719 440 11.
1001 399 1130 448 cxxrtr

95 549 242 652 sparsam
263 547 339 648 ipse
360 550 544 647 detergere
568 563 771 646 utcumque
792 547 983 622 contendit
1002 549 1043 622 in
1072 573 1134 646 ap-

95 673 244 773 pendice
265 671 312 746 ed
328 697 364 759 n,
382 694 416 760 3,
433 673 466 741 6.
488 669 599 745 altius
619 693 708 742 vero
722 667 868 743 incussit
882 667 1136 763 testimouium

95 792 294 882 Perizonii,
334 792 400 888 qui
421 791 617 864 oculorum
639 791 706 864 usu
730 791 879 864 edoctus
906 791 1007 864 idem
1027 792 1134 866 odfin

96 933 167 988 ruat
189 913 237 985 ad
258 911 408 1008 praefat.
432 922 462 1000 ς.
480 935 513 984 n.
535 929 572 984 et
592 911 682 984 alibi
702 907 840 1009 pallius.
888 917 932 984 In
957 915 1133 990 omnibus

94 1053 215 1107 autem
241 1033 450 1121 codicibus,
483 1056 576 1129 quos
598 1033 658 1104 vel
680 1033 899 1106 bibliotheca
927 1031 1135 1126 christinae,

94 1155 252 1254 Reginae
271 1152 442 1242 suediae,
475 1155 535 1224 vel
557 1152 678 1226 Nicol.
694 1151 863 1230 Heinsius
885 1153 1136 1254 subpeditave-
1262 1193 1266 1202 ·

94 1293 191 1364 rant,
223 1275 286 1348 vel
311 1274 385 1372 ipse
413 1273 562 1345 aliunde
591 1291 719 1346 nactus
746 1293 841 1365 erat,
873 1291 947 1351 tres
972 1278 1136 1352 maxims

92 1397 234 1486 laudat,
268 1396 489 1468 Vaticanum
520 1393 691 1467 omnium
715 1394 1024 1492 autiquiffimum,
1057 1398 1135 1474 Bri·

92 1518 284 1592 tanrricum
304 1541 349 1588 ex
377 1515 598 1588 bibliotheca
619 1516 900 1607 Arundellisna,
933 1541 1045 1612 quam
1069 1515 1136 1614 ipsi

94 1655 365 1734 comparaverat
393 1637 616 1724 avunculus,
648 1635 858 1710 Franciscus
882 1639 1032 1724 Iunius,
1064 1654 1137 1712 ter·

92 1762 189 1832 tium
211 1758 339 1846 suum,
371 1783 463 1855 quos
491 1755 526 1829 sc
551 1754 778 1851 potiffimum
801 1755 966 1830 secutum
987 1755 1054 1830 elle
1074 1757 1136 1830 ed·

91 1880 225 1953 firmat
268 1879 529 1952 Nullumvero
545 1879 745 1950 accuratius
762 1875 951 1974 descripfit,
972 1878 1030 1952 uti
1046 1896 1137 1952 tunc

92 2001 167 2074 fere
183 1999 330 2088 solebat,
352 1999 553 2093 eodemque
567 2023 672 2072 more
688 2000 729 2071 iu
743 1996 959 2098 proferende
974 1999 1136 2074 lectione

93 2123 238 2194 codices
269 2121 425 2193 omnino
456 2119 652 2214 praetexit,
687 2120 729 2192 in
761 2120 990 2218 gravioribus
1011 2138 1136 2196 eutem

92 2243 325 2314 Vaticanum.
371 2245 485 2312 lactat
499 2255 623 2312 tamen
636 2241 747 2312 etiarn
762 2240 862 2337 saepe
879 2243 1005 2337 plures
1020 2242 1137 2316 libros
1245 2320 1247 2335 ,

1 2435 2 2438 ,
95 2389 115 2435 e
135 2364 208 2436 suis
223 2365 265 2435 in
280 2359 415 2437 tuenda
437 2359 611 2450 lectione,
642 2361 708 2433 ubi
727 2361 908 2436 mendacii
924 2361 1138 2436 convictum

92 2483 272 2580 produxit
291 2481 523 2568 Perizonius,
549 2480 614 2576 qui
629 2480 794 2555 eiusdem
815 2482 1001 2556 codicibus
1016 2480 1138 2580 polles

93 2606 179 2676 usus
202 2621 289 2675 erat.
340 2607 399 2676 Ex
416 2602 481 2689 iis,
507 2601 571 2696 qui
593 2597 840 2700 castigationes
858 2602 1057 2693 ediderint,
1083 2597 1138 2678 so'·

93 2727 178 2798 lum
196 2721 263 2795 fibi
282 2721 403 2796 scribit
430 2719 601 2820 prosuille
624 2723 849 2813 Pintiauum,
875 2724 1051 2819 reliquos,
1077 2747 1139 2822 ος·

93 2865 203 2944 cepto
218 2845 419 2917 Hermolao
436 2843 605 2932 Barbare,
626 2861 670 2916 ut
683 2844 901 2934 Vadianum,
918 2845 1139 2935 olivarium,

93 2971 302 3054 Schottum,
324 2989 556 3062 quocumque
577 2963 691 3036 modo
706 2964 869 3062 despicit,
901 2967 1025 3062 plures
1041 2965 1140 3039 Ciac·
1192 2953 1194 2957 ¹

93 3087 200 3160 conii
218 3106 343 3176 notas,
373 3110 460 3184 quas
475 3084 622 3182 scriptas
644 3087 810 3176 tenebat,
843 3083 909 3158 fibi
932 3087 1038 3160 tacite
1057 3085 1141 3161 vin·

1 3279 2 3286 ,
94 3209 214 3296 dicat,
244 3225 281 3280 et
299 3207 400 3304 saepe
420 3207 523 3280 illius
536 3207 658 3280 verbis
674 3209 813 3296 reddit,
838 3209 896 3283 uti
910 3223 1050 3306 praeter
1069 3208 1141 3282 alia

93 3331 181 3404 loca
213 3329 331 3402 multa
358 3329 465 3402 docet
486 3352 521 3414 s,
544 3351 579 3418 7,
600 3351 634 3419 7.
655 3327 696 3403 iu
718 3329 840 3403 verbis
865 3338 1017 3400 Romana
1038 3335 1139 3404 cludo.

92 3457 141 3526 ln
165 3449 342 3548 fingendo
368 3467 475 3526 textu
497 3450 637 3522 secutus
658 3450 848 3546 praecipue
872 3447 921 3524 est
950 3449 1140 3540 Vinctum,

93 3574 206 3644 cauus
233 3572 344 3644 etiam
367 3572 589 3659 editionem,
620 3587 663 3642 ut
689 3570 763 3670 ipse
792 3587 913 3644 narrat
939 3571 981 3644 in
1006 3595 1142 3668 appen-

93 3692 179 3764 dice
200 3691 246 3764 ad
272 3717 303 3782 1,
326 3719 359 3787 9.
381 3693 432 3764 in.
465 3695 695 3792 typographo
734 3691 1003 3766 describendam
1032 3691 1143 3765 tradi·

93 3813 221 3902 derat,
246 3831 285 3888 at
304 3815 574 3910 interpolatam.
625 3821 768 3912 Nempe
783 3817 919 3888 multas
935 3815 1000 3886 ille
1021 3837 1144 3884 emen·

91 3935 270 4008 dationes
299 3935 339 4007 in
363 3935 483 4030 iisque
508 3935 669 4034 egregias
696 3955 732 4009 et
756 3936 961 4034 probabiles
984 3929 1143 4022 excudit,

1 4102 2 4107 =
90 4058 237 4156 quibus
252 4073 289 4130 et
301 4056 433 4132 adiecit
447 4055 757 4132 commentarium
768 4050 968 4156 multiplici
976 4049 1144 4130 docuiua
