2856 4926
342 421 347 437 '
423 425 428 434 '
489 437 589 498 chl‘.
629 439 734 503 Vm.
1037 459 1142 506 rxrrt

89 629 137 682 en
154 605 283 680 lettres
302 605 493 703 capitales,
520 613 629 704 qu'en
651 609 780 681 lettres
801 605 1023 683 ordinaires:
1048 619 1142 682 Pom·

88 739 183 820 ponii
215 737 336 801 Mellae
376 726 640 829 cosmographiae
679 735 759 800 liber
797 737 930 817 explicit
962 737 1144 804 Mdtntant

82 851 227 953 septimo
247 857 410 922 Kalendas
432 856 584 921 Octobres
606 853 778 951 atilloffimo
798 855 1141 954 quondringenteffimo

9 1061 10 1068 4
81 974 332 1076 septimgeffuno
346 981 463 1062 primo.
499 972 638 1048 Eadem
655 975 767 1046 etiem
782 973 871 1048 inde
885 973 995 1050 verba
1013 977 1143 1072 repetit

7 1983 10 2174 l

87 1097 332 1194 Deltophilut
356 1095 396 1167 in
426 1093 516 1167 bibl
540 1101 599 1168 Gr.
621 1113 660 1168 et
680 1103 759 1168 Lat.
783 1121 819 1194 p.
835 1119 888 1168 m.
906 1117 967 1186 71.
989 1095 1066 1190 (ed
1088 1103 1143 1190 ι.)

88 1233 239 1292 tantum
249 1217 350 1315 quod
362 1239 536 1290 numeros
546 1214 702 1315 simplici
710 1217 744 1319 s,
760 1217 887 1291 minus
906 1235 1029 1292 tamen
1043 1237 1143 1295 recta

88 1336 224 1412 scribit.
276 1339 442 1413 Eandem
464 1341 588 1438 plures
611 1339 722 1410 etiam
742 1341 805 1412 vel
827 1339 1049 1430 indicarunt,
1080 1343 1143 1414 vel

89 1459 371 1557 descripserunt,
411 1461 451 1532 in
477 1460 612 1557 quibus
643 1461 682 1532 di
706 1458 800 1534 Blali
825 1460 866 1533 in
892 1461 1019 1535 lettere
1045 1481 1143 1538 terta

85 1581 233 1655 interni
257 1583 305 1653 etl
333 1583 457 1654 alcuni
486 1581 574 1656 libri
607 1579 647 1654 di
679 1581 797 1678 prima
829 1577 966 1682 stampe
999 1583 1059 1656 del
1083 1589 1143 1658 80·

86 1705 172 1776 eolo
192 1709 275 1775 XV.
303 1728 397 1800 quae
422 1705 560 1802 legitur
582 1703 624 1777 in
647 1701 820 1800 Opulooli
842 1701 882 1774 di
906 1705 1026 1778 autori
1055 1707 1144 1780 Sici·

85 1825 180 1900 lieni
196 1831 243 1900 Τ.
256 1845 313 1917 14.
304 1851 367 1922 ..p
379 1831 462 1914 556.
489 1825 717 1899 Maitteiriuo
734 1820 774 1898 ln
790 1827 912 1899 annal.
923 1829 1139 1927 typograph.

85 1953 128 2023 T.
148 1965 185 2040 4.
210 1975 248 2046 p.
240 1971 353 2041 .5o4.
391 1947 610 2024 Funcciut
599 1971 640 2019 tn
671 1963 828 2020 tractatu
850 1947 932 2020 de
920 1951 1141 2025 imminente

84 2075 167 2142 Lat.
190 2075 237 2142 L.
260 2069 493 2168 senectutep.
514 2073 600 2158 536.
634 2069 832 2143 'Orlandi
821 2095 861 2143 ru
883 2071 1025 2170 origine
1044 2073 1140 2148 della

85 2197 289 2288 Stampap
306 2215 392 2287 599.
417 2195 512 2264 etin
534 2191 665 2288 primia
682 2191 837 2278 Sarius
828 2216 867 2263 tn
889 2189 1036 2266 historia
1058 2194 1141 2268 lite·

84 2315 179 2387 teria
212 2313 476 2412 typographiae
505 2311 808 2401 Mediolanenfis,
841 2333 933 2409 quae
954 2313 1140 2411 praemilla

6 2521 7 2528 ¹
83 2429 133 2508 est
147 2435 312 2532 Philipp.
323 2436 486 2534 Argeltti
502 2433 744 2509 bibliothecae
758 2432 977 2532 scriptorum
993 2435 1140 2512 Medio·

6 2551 8 2600 t

6 2789 7 2824 ³
81 2800 152 2874 bus
166 2802 328 2896 praeviis
345 2799 667 2888 adnotationibus,
693 2799 827 2894 quibus
844 2797 1006 2895 dignosci
1021 2797 1138 2893 polilt,

6 2945 7 2948 ’
83 2947 201 3020 equo
225 2948 325 3019 penu
344 2923 542 3020 prodierit,
568 2939 632 3004 aut
651 2941 761 3016 quem
778 2917 947 2990 habuerit
963 2919 1139 2995 editionis

6 3103 8 3180 l

81 2555 293 2629 lanenfium
314 2563 357 2630 T.
379 2581 410 2630 1.
439 2583 473 2654 p.
493 2579 577 2647 ¹17·
608 2579 761 2652 eamque
790 2556 923 2628 servari
950 2554 1073 2628 scribit
1098 2558 1140 2632 in

79 2675 313 2751 bibliothece
337 2678 595 2767 Ambroliena,
624 2677 683 2750 led
706 2679 758 2748 ita
786 2673 994 2750 destitutam
1019 2681 1156 2752 omni·-

81 3063 307 3141 patronum,
334 3063 377 3128 ut
392 3045 458 3115 vix
474 3045 513 3118 in
532 3047 628 3118 calce
648 3037 892 3138 impressionis
908 3041 1032 3129 locus,
1056 3045 1138 3114 Me·

6 3197 8 3276 4
81 3167 283 3240 diolanum
303 3166 485 3255 videlicet,
506 3164 718 3239 innotescat.
752 3157 832 3237 Poll
851 3184 886 3259 P·
905 3183 990 3254 559·
1007 3165 1138 3260 P¹⁰⁶¹¹l

81 3287 203 3359 dubio
228 3287 272 3358 ab
286 3288 452 3360 Antonio
468 3293 620 3377 Zaroto‚
652 3311 727 3383 quo
744 3287 857 3358 etiam
873 3303 1020 3357 auctore
1037 3311 1136 3360 anno

6 3415 8 3486 4
83 3426 170 3480 ante
194 3415 389 3485 Terentino
409 3413 582 3509 vulgatus
605 3427 691 3496 erat,
721 3405 928 3504 imprellam
945 3403 1135 3499 existimat,

82 3553 171 3602 oum
204 3555 270 3625 per
305 3533 403 3604 illud
437 3550 583 3631 tempus
616 3526 931 3604 Mediolanensem
966 3547 1136 3628 typogra-

81 3653 213 3750 phiam
234 3651 332 3725 folus
355 3655 420 3726 ille
443 3672 636 3728 exerceret.
688 3652 791 3724 ldem
812 3667 939 3724 tamen
963 3653 1072 3724 etiam
1093 3651 1135 3726 in

6 3795 7 3872 j
82 3774 252 3848 numeria
282 3772 436 3872 fimplex
456 3774 489 3877 s
511 3777 631 3873 ponit.
683 3771 828 3846 Voffiua
854 3799 933 3846 eom
967 3775 1064 3846 mele
1088 3773 1135 3846 ad

81 3919 227 3967 annum
254 3913 362 3987 1472.
387 3897 545 3996 profert,
588 3913 630 3970 ut
651 3896 696 3968 ab
717 3921 761 3969 eo
784 3895 925 3993 decepti
949 3895 1134 3970 Fabricius

81 4016 121 4088 in
148 4017 240 4089 bibl.
256 4023 399 4094 LatT.
423 4043 454 4091 r.
475 4045 510 4116 p.
530 4039 614 4112 345.
638 4037 675 4098 et
690 4019 941 4115 Harwoodp
957 4037 1041 4111 259.
1057 4041 1086 4088 c.
1105 4017 1132 4090 l.

6 4073 8 4310 4
83 4138 233 4214 Primus
242 4141 338 4216 hanc
354 4141 568 4238 editionem,
594 4139 659 4219 etii
670 4166 794 4244 prave,
811 4143 1022 4241 typothetae
1035 4137 1133 4216 iorte
