<?xml version="1.0" encoding="UTF-8"?>
<!DOCTYPE html PUBLIC "-//W3C//DTD XHTML 1.0 Transitional//EN"
    "http://www.w3.org/TR/xhtml1/DTD/xhtml1-transitional.dtd">
<html xmlns="http://www.w3.org/1999/xhtml" xml:lang="en" lang="en">
 <head>
  <title>
</title>
<meta http-equiv="Content-Type" content="text/html;charset=utf-8" />
  <meta name='ocr-system' content='tesseract 3.04.00' />
  <meta name='ocr-capabilities' content='ocr_page ocr_carea ocr_par ocr_line ocrx_word'/>
</head>
<body>
  <div class='ocr_page' id='page_1' title='image "./pomponiimelaede01melagoog_0072.png"; bbox 0 0 2856 4926; ppageno 0'>
   <div class='ocr_carea' id='block_1_1' title="bbox 317 319 1119 386">
    <p class='ocr_par' dir='ltr' id='par_1_1' title="bbox 317 319 1119 386">
     <span class='ocr_line' id='line_1_1' title="bbox 317 319 1119 386; baseline -0.001 0"><span class='ocrx_word' id='word_1_1' title='bbox 317 335 419 386; x_wconf 74' lang='lat' dir='ltr'><strong>Lv&#39;m</strong></span> <span class='ocrx_word' id='word_1_2' title='bbox 569 321 632 380; x_wconf 81' lang='lat' dir='ltr'><strong>DE</strong></span> <span class='ocrx_word' id='word_1_3' title='bbox 674 319 943 382; x_wconf 83' lang='lat' dir='ltr'>POMPONIO</span> <span class='ocrx_word' id='word_1_4' title='bbox 984 322 1119 385; x_wconf 74' lang='lat' dir='ltr'><strong>mm</strong></span> 
     </span>
    </p>
   </div>
   <div class='ocr_carea' id='block_1_2' title="bbox 308 484 1361 1176">
    <p class='ocr_par' dir='ltr' id='par_1_2' title="bbox 308 484 1349 1057">
     <span class='ocr_line' id='line_1_2' title="bbox 388 484 1349 590; baseline 0.006 -28"><span class='ocrx_word' id='word_1_5' title='bbox 388 484 832 588; x_wconf 83' lang='lat' dir='ltr'><strong>Pregenfisbibliothscae</strong></span> <span class='ocrx_word' id='word_1_6' title='bbox 846 491 1111 583; x_wconf 74' lang='lat' dir='ltr'><strong>clementinae,</strong></span> <span class='ocrx_word' id='word_1_7' title='bbox 1137 517 1246 590; x_wconf 90' lang='lat' dir='ltr'><strong>quem</strong></span> <span class='ocrx_word' id='word_1_8' title='bbox 1259 492 1349 568; x_wconf 86' lang='lat' dir='ltr'><strong>intli·</strong></span> 
     </span>
     <span class='ocr_line' id='line_1_3' title="bbox 312 607 1347 708; baseline 0.006 -24"><span class='ocrx_word' id='word_1_9' title='bbox 312 611 412 697; x_wconf 68' lang='lat' dir='ltr'><strong>esvit</strong></span> <span class='ocrx_word' id='word_1_10' title='bbox 425 610 620 708; x_wconf 85' lang='lat' dir='ltr'><strong>Hirsching</strong></span> <span class='ocrx_word' id='word_1_11' title='bbox 633 607 675 682; x_wconf 88' lang='lat' dir='ltr'><strong>in</strong></span> <span class='ocrx_word' id='word_1_12' title='bbox 687 610 784 684; x_wconf 86' lang='lat' dir='ltr'><strong>libro</strong></span> <span class='ocrx_word' id='word_1_13' title='bbox 797 611 934 688; x_wconf 87' lang='lat' dir='ltr'><strong>Beichr.</strong></span> <span class='ocrx_word' id='word_1_14' title='bbox 953 608 1017 687; x_wconf 82' lang='lat' dir='ltr'><strong>der</strong></span> <span class='ocrx_word' id='word_1_15' title='bbox 1030 613 1204 688; x_wconf 80' lang='lat' dir='ltr'><strong>Biblioth.</strong></span> <span class='ocrx_word' id='word_1_16' title='bbox 1220 619 1299 690; x_wconf 75' lang='lat' dir='ltr'><strong>Vol.</strong></span> <span class='ocrx_word' id='word_1_17' title='bbox 1314 639 1347 704; x_wconf 78' lang='lat'><strong>3,</strong></span> 
     </span>
     <span class='ocr_line' id='line_1_4' title="bbox 310 731 1348 833; baseline 0.008 -29"><span class='ocrx_word' id='word_1_18' title='bbox 310 758 345 830; x_wconf 91' lang='lat' dir='ltr'><strong>p.</strong></span> <span class='ocrx_word' id='word_1_19' title='bbox 366 754 449 832; x_wconf 73' lang='grc'><strong>057.</strong></span> <span class='ocrx_word' id='word_1_20' title='bbox 467 731 737 832; x_wconf 83' lang='lat' dir='ltr'><strong>inspiciendum</strong></span> <span class='ocrx_word' id='word_1_21' title='bbox 759 731 926 810; x_wconf 83' lang='lat' dir='ltr'><strong>conoeffit</strong></span> <span class='ocrx_word' id='word_1_22' title='bbox 942 741 1131 833; x_wconf 84' lang='lat' dir='ltr'><strong>Ungarus,</strong></span> <span class='ocrx_word' id='word_1_23' title='bbox 1161 737 1348 812; x_wconf 89' lang='lat' dir='ltr'><strong>bibliothe-</strong></span> 
     </span>
     <span class='ocr_line' id='line_1_5' title="bbox 309 851 1347 952; baseline 0.004 -24"><span class='ocrx_word' id='word_1_24' title='bbox 309 879 371 928; x_wconf 84' lang='lat' dir='ltr'><strong>cae</strong></span> <span class='ocrx_word' id='word_1_25' title='bbox 392 857 498 929; x_wconf 86' lang='lat' dir='ltr'><strong>illius</strong></span> <span class='ocrx_word' id='word_1_26' title='bbox 522 851 724 952; x_wconf 72' lang='lat' dir='ltr'><strong>praefectus</strong></span> <span class='ocrx_word' id='word_1_27' title='bbox 747 851 971 932; x_wconf 86' lang='lat' dir='ltr'><strong>doctiffimus</strong></span> <span class='ocrx_word' id='word_1_28' title='bbox 999 872 1037 930; x_wconf 85' lang='lat' dir='ltr'><strong>et</strong></span> <span class='ocrx_word' id='word_1_29' title='bbox 1063 859 1347 932; x_wconf 82' lang='lat' dir='ltr'><strong>humaniilimus.</strong></span> 
     </span>
     <span class='ocr_line' id='line_1_6' title="bbox 308 973 1349 1057; baseline 0.001 -4"><span class='ocrx_word' id='word_1_30' title='bbox 308 975 539 1053; x_wconf 85' lang='lat' dir='ltr'><strong>Recentioris</strong></span> <span class='ocrx_word' id='word_1_31' title='bbox 567 977 633 1050; x_wconf 88' lang='lat' dir='ltr'><strong>ille</strong></span> <span class='ocrx_word' id='word_1_32' title='bbox 663 973 712 1050; x_wconf 84' lang='lat' dir='ltr'><strong>est</strong></span> <span class='ocrx_word' id='word_1_33' title='bbox 736 979 863 1052; x_wconf 85' lang='lat' dir='ltr'><strong>aetatis</strong></span> <span class='ocrx_word' id='word_1_34' title='bbox 891 977 992 1054; x_wconf 86' lang='lat' dir='ltr'><strong>fetus</strong></span> <span class='ocrx_word' id='word_1_35' title='bbox 1023 998 1062 1053; x_wconf 88' lang='lat' dir='ltr'><strong>et</strong></span> <span class='ocrx_word' id='word_1_36' title='bbox 1088 982 1220 1054; x_wconf 87' lang='lat' dir='ltr'><strong>multis</strong></span> <span class='ocrx_word' id='word_1_37' title='bbox 1250 981 1349 1057; x_wconf 81' lang='lat' dir='ltr'><strong>vitiis</strong></span> 
     </span>
    </p>

    <p class='ocr_par' dir='ltr' id='par_1_3' title="bbox 310 1099 1361 1176">
     <span class='ocr_line' id='line_1_7' title="bbox 310 1099 1361 1176; baseline 0.001 0"><span class='ocrx_word' id='word_1_38' title='bbox 310 1099 429 1176; x_wconf 83' lang='lat' dir='ltr'><strong>scatet.</strong></span> <span class='ocrx_word' id='word_1_39' title='bbox 1358 1115 1361 1120; x_wconf 86' lang='lat'>&#39;</span> 
     </span>
    </p>
   </div>
   <div class='ocr_carea' id='block_1_3' title="bbox 305 1247 1352 1837">
    <p class='ocr_par' dir='ltr' id='par_1_4' title="bbox 305 1247 1352 1837">
     <span class='ocr_line' id='line_1_8' title="bbox 387 1247 1350 1351; baseline 0 -25"><span class='ocrx_word' id='word_1_40' title='bbox 387 1259 734 1326; x_wconf 84' lang='lat' dir='ltr'><strong>Commemorantur</strong></span> <span class='ocrx_word' id='word_1_41' title='bbox 765 1247 891 1346; x_wconf 85' lang='lat' dir='ltr'><strong>passtm</strong></span> <span class='ocrx_word' id='word_1_42' title='bbox 924 1251 988 1324; x_wconf 89' lang='lat' dir='ltr'><strong>alii</strong></span> <span class='ocrx_word' id='word_1_43' title='bbox 1021 1253 1183 1345; x_wconf 88' lang='lat' dir='ltr'><strong>codices,</strong></span> <span class='ocrx_word' id='word_1_44' title='bbox 1226 1251 1350 1351; x_wconf 88' lang='lat' dir='ltr'><strong>quiin</strong></span> 
     </span>
     <span class='ocr_line' id='line_1_9' title="bbox 307 1373 1349 1474; baseline 0 -26"><span class='ocrx_word' id='word_1_45' title='bbox 307 1375 459 1474; x_wconf 81' lang='lat' dir='ltr'><strong>privatis</strong></span> <span class='ocrx_word' id='word_1_46' title='bbox 492 1373 726 1446; x_wconf 79' lang='lat' dir='ltr'><strong>bibliothecis</strong></span> <span class='ocrx_word' id='word_1_47' title='bbox 751 1374 958 1462; x_wconf 81' lang='lat' dir='ltr'><strong>latuerunt,</strong></span> <span class='ocrx_word' id='word_1_48' title='bbox 1002 1400 1071 1449; x_wconf 87' lang='lat' dir='ltr'><strong>nec</strong></span> <span class='ocrx_word' id='word_1_49' title='bbox 1102 1375 1149 1448; x_wconf 87' lang='lat' dir='ltr'><strong>ad</strong></span> <span class='ocrx_word' id='word_1_50' title='bbox 1178 1376 1349 1474; x_wconf 83' lang='lat' dir='ltr'><strong>publicos</strong></span> 
     </span>
     <span class='ocr_line' id='line_1_10' title="bbox 307 1483 1351 1594; baseline -0.004 -22"><span class='ocrx_word' id='word_1_51' title='bbox 307 1499 393 1572; x_wconf 85' lang='lat' dir='ltr'><strong>usus</strong></span> <span class='ocrx_word' id='word_1_52' title='bbox 422 1497 601 1570; x_wconf 84' lang='lat' dir='ltr'><strong>exierunt.</strong></span> <span class='ocrx_word' id='word_1_53' title='bbox 658 1496 717 1568; x_wconf 82' lang='lat' dir='ltr'><strong>Sic</strong></span> <span class='ocrx_word' id='word_1_54' title='bbox 740 1497 863 1567; x_wconf 87' lang='lat' dir='ltr'><strong>Melae</strong></span> <span class='ocrx_word' id='word_1_55' title='bbox 892 1493 1056 1567; x_wconf 88' lang='lat' dir='ltr'><strong>codicem</strong></span> <span class='ocrx_word' id='word_1_56' title='bbox 1082 1483 1237 1594; x_wconf 79' lang='lat' dir='ltr'><strong>poiledit</strong></span> <span class='ocrx_word' id='word_1_57' title='bbox 1260 1503 1351 1570; x_wconf 84' lang='lat' dir='ltr'><strong>Lau·</strong></span> 
     </span>
     <span class='ocr_line' id='line_1_11' title="bbox 305 1613 1351 1718; baseline -0.007 -23"><span class='ocrx_word' id='word_1_58' title='bbox 305 1619 447 1695; x_wconf 81' lang='lat' dir='ltr'><strong>tentius</strong></span> <span class='ocrx_word' id='word_1_59' title='bbox 468 1617 682 1718; x_wconf 85' lang='lat' dir='ltr'><strong>Pignorius,</strong></span> <span class='ocrx_word' id='word_1_60' title='bbox 715 1616 772 1687; x_wconf 90' lang='lat' dir='ltr'><strong>uti</strong></span> <span class='ocrx_word' id='word_1_61' title='bbox 794 1613 963 1687; x_wconf 88' lang='lat' dir='ltr'><strong>adfirmat</strong></span> <span class='ocrx_word' id='word_1_62' title='bbox 982 1617 1021 1689; x_wconf 89' lang='lat' dir='ltr'><strong>in</strong></span> <span class='ocrx_word' id='word_1_63' title='bbox 1046 1615 1123 1690; x_wconf 91' lang='lat' dir='ltr'><strong>eius</strong></span> <span class='ocrx_word' id='word_1_64' title='bbox 1144 1617 1223 1692; x_wconf 82' lang='lat' dir='ltr'><strong>vita</strong></span> <span class='ocrx_word' id='word_1_65' title='bbox 1241 1646 1277 1715; x_wconf 90' lang='lat' dir='ltr'><strong>p.</strong></span> <span class='ocrx_word' id='word_1_66' title='bbox 1293 1641 1351 1712; x_wconf 78' lang='lat'><strong>9⁰·</strong></span> 
     </span>
     <span class='ocr_line' id='line_1_12' title="bbox 306 1717 1352 1837; baseline -0.006 -21"><span class='ocrx_word' id='word_1_67' title='bbox 306 1741 523 1816; x_wconf 83' lang='lat' dir='ltr'><strong>Tomasmu&#39;s</strong></span> <span class='ocrx_word' id='word_1_68' title='bbox 541 1741 587 1812; x_wconf 88' lang='lat' dir='ltr'><strong>ad</strong></span> <span class='ocrx_word' id='word_1_69' title='bbox 600 1741 734 1811; x_wconf 79' lang='lat' dir='ltr'><strong>calcem</strong></span> <span class='ocrx_word' id='word_1_70' title='bbox 754 1737 842 1810; x_wconf 87' lang='lat' dir='ltr'><strong>libri</strong></span> <span class='ocrx_word' id='word_1_71' title='bbox 862 1738 907 1808; x_wconf 88' lang='lat' dir='ltr'><strong>de</strong></span> <span class='ocrx_word' id='word_1_72' title='bbox 921 1717 1043 1809; x_wconf 86' lang='lat' dir='ltr'><strong>initiis</strong></span> <span class='ocrx_word' id='word_1_73' title='bbox 1058 1743 1219 1837; x_wconf 79' lang='lat' dir='ltr'><strong>Magnae</strong></span> <span class='ocrx_word' id='word_1_74' title='bbox 1231 1745 1352 1811; x_wconf 89' lang='lat' dir='ltr'><strong>Deum</strong></span> 
     </span>
    </p>
   </div>
   <div class='ocr_carea' id='block_1_4' title="bbox 168 1854 1354 1952">
    <p class='ocr_par' dir='ltr' id='par_1_5' title="bbox 168 1854 1354 1952">
     <span class='ocr_line' id='line_1_13' title="bbox 168 1854 1354 1952; baseline -0.006 -13"><span class='ocrx_word' id='word_1_75' title='bbox 168 1897 170 1907; x_wconf 94' lang='lat'><em>·</em></span> <span class='ocrx_word' id='word_1_76' title='bbox 304 1864 433 1952; x_wconf 74' lang='lat' dir='ltr'><strong>matris</strong></span> <span class='ocrx_word' id='word_1_77' title='bbox 452 1863 588 1934; x_wconf 83' lang='lat' dir='ltr'><strong>Idaeae.</strong></span> <span class='ocrx_word' id='word_1_78' title='bbox 633 1861 797 1934; x_wconf 88' lang='lat' dir='ltr'><strong>Omnino</strong></span> <span class='ocrx_word' id='word_1_79' title='bbox 813 1877 951 1948; x_wconf 71' lang='lat' dir='ltr'><strong>autem,</strong></span> <span class='ocrx_word' id='word_1_80' title='bbox 975 1857 1107 1933; x_wconf 86' lang='lat' dir='ltr'><strong>fifides</strong></span> <span class='ocrx_word' id='word_1_81' title='bbox 1121 1860 1290 1932; x_wconf 85' lang='lat' dir='ltr'><strong>habenda</strong></span> <span class='ocrx_word' id='word_1_82' title='bbox 1306 1854 1354 1932; x_wconf 77' lang='lat' dir='ltr'><strong>etl</strong></span> 
     </span>
    </p>
   </div>
   <div class='ocr_carea' id='block_1_5' title="bbox 302 1979 1357 2563">
    <p class='ocr_par' dir='ltr' id='par_1_6' title="bbox 302 1979 1357 2563">
     <span class='ocr_line' id='line_1_14' title="bbox 304 1979 1354 2076; baseline -0.006 -17"><span class='ocrx_word' id='word_1_83' title='bbox 304 1994 348 2059; x_wconf 83' lang='grc' dir='ltr'><strong>Α.</strong></span> <span class='ocrx_word' id='word_1_84' title='bbox 376 1983 565 2058; x_wconf 84' lang='lat' dir='ltr'><strong>Gronovio</strong></span> <span class='ocrx_word' id='word_1_85' title='bbox 581 1997 584 2002; x_wconf 84' lang='grc'><em>“</em></span> <span class='ocrx_word' id='word_1_86' title='bbox 600 1981 640 2052; x_wconf 92' lang='lat' dir='ltr'><strong>in</strong></span> <span class='ocrx_word' id='word_1_87' title='bbox 673 1979 897 2076; x_wconf 85' lang='lat' dir='ltr'><strong>praefatione</strong></span> <span class='ocrx_word' id='word_1_88' title='bbox 928 1980 974 2051; x_wconf 88' lang='lat' dir='ltr'><strong>ad</strong></span> <span class='ocrx_word' id='word_1_89' title='bbox 1003 1983 1146 2053; x_wconf 88' lang='lat' dir='ltr'><strong>Melam</strong></span> <span class='ocrx_word' id='word_1_90' title='bbox 1167 1982 1224 2054; x_wconf 88' lang='lat' dir='ltr'><strong>ed.</strong></span> <span class='ocrx_word' id='word_1_91' title='bbox 1245 1999 1354 2074; x_wconf 78' lang='grc'><strong>1748.</strong></span> 
     </span>
     <span class='ocr_line' id='line_1_15' title="bbox 303 2079 1354 2202; baseline -0.001 -25"><span class='ocrx_word' id='word_1_92' title='bbox 303 2106 404 2202; x_wconf 83' lang='lat' dir='ltr'><strong>larga</strong></span> <span class='ocrx_word' id='word_1_93' title='bbox 433 2099 484 2174; x_wconf 86' lang='lat' dir='ltr'><strong>est</strong></span> <span class='ocrx_word' id='word_1_94' title='bbox 506 2079 618 2200; x_wconf 49' lang='lat' dir='ltr'><strong>&#39;copia</strong></span> <span class='ocrx_word' id='word_1_95' title='bbox 639 2106 742 2174; x_wconf 82' lang='lat' dir='ltr'><strong>MSS.</strong></span> <span class='ocrx_word' id='word_1_96' title='bbox 768 2104 890 2174; x_wconf 87' lang='lat' dir='ltr'><strong>Melae</strong></span> <span class='ocrx_word' id='word_1_97' title='bbox 911 2102 951 2175; x_wconf 90' lang='lat' dir='ltr'><strong>in</strong></span> <span class='ocrx_word' id='word_1_98' title='bbox 974 2101 1087 2176; x_wconf 81' lang='lat' dir='ltr'><strong>variis</strong></span> <span class='ocrx_word' id='word_1_99' title='bbox 1116 2103 1354 2176; x_wconf 73' lang='lat' dir='ltr'><strong>bibliothecis</strong></span> 
     </span>
     <span class='ocr_line' id='line_1_16' title="bbox 304 2221 1356 2321; baseline 0 -25"><span class='ocrx_word' id='word_1_100' title='bbox 304 2226 590 2311; x_wconf 84' lang='lat' dir='ltr'><strong>adservatorum,</strong></span> <span class='ocrx_word' id='word_1_101' title='bbox 616 2223 778 2321; x_wconf 87' lang='lat' dir='ltr'><strong>adeoque</strong></span> <span class='ocrx_word' id='word_1_102' title='bbox 800 2242 912 2312; x_wconf 73' lang='lat' dir='ltr'><strong>muta,</strong></span> <span class='ocrx_word' id='word_1_103' title='bbox 934 2240 977 2320; x_wconf 69' lang='lat' dir='ltr'><strong>qt</strong></span> <span class='ocrx_word' id='word_1_104' title='bbox 994 2223 1068 2297; x_wconf 87' lang='lat' dir='ltr'><strong>fere</strong></span> <span class='ocrx_word' id='word_1_105' title='bbox 1085 2221 1217 2297; x_wconf 87' lang='lat' dir='ltr'><strong>omnes</strong></span> <span class='ocrx_word' id='word_1_106' title='bbox 1235 2225 1356 2298; x_wconf 82' lang='lat' dir='ltr'><strong>Abba·</strong></span> 
     </span>
     <span class='ocr_line' id='line_1_17' title="bbox 302 2340 1357 2444; baseline 0.001 -25"><span class='ocrx_word' id='word_1_107' title='bbox 302 2347 441 2419; x_wconf 79' lang='lat' dir='ltr'><strong>tiorum</strong></span> <span class='ocrx_word' id='word_1_108' title='bbox 479 2361 516 2417; x_wconf 89' lang='lat' dir='ltr'><strong>et</strong></span> <span class='ocrx_word' id='word_1_109' title='bbox 555 2340 864 2418; x_wconf 87' lang='lat' dir='ltr'><strong>Monasteriorum</strong></span> <span class='ocrx_word' id='word_1_110' title='bbox 905 2345 1116 2441; x_wconf 80' lang='lat' dir='ltr'><strong>praecipuae</strong></span> <span class='ocrx_word' id='word_1_111' title='bbox 1150 2344 1357 2444; x_wconf 83' lang='lat' dir='ltr'><strong>Pomponii</strong></span> 
     </span>
     <span class='ocr_line' id='line_1_18' title="bbox 302 2463 1102 2563; baseline -0.003 -21"><span class='ocrx_word' id='word_1_112' title='bbox 302 2467 426 2542; x_wconf 86' lang='lat' dir='ltr'><strong>Melae</strong></span> <span class='ocrx_word' id='word_1_113' title='bbox 448 2466 719 2563; x_wconf 82' lang='lat' dir='ltr'><strong>exemplaribus</strong></span> <span class='ocrx_word' id='word_1_114' title='bbox 739 2463 932 2539; x_wconf 87' lang='lat' dir='ltr'><strong>instructae</strong></span> <span class='ocrx_word' id='word_1_115' title='bbox 953 2465 1102 2545; x_wconf 77' lang='lat' dir='ltr'><strong>fuerint</strong></span> 
     </span>
    </p>
   </div>
   <div class='ocr_carea' id='block_1_6' title="bbox 197 2634 1357 2956">
    <p class='ocr_par' dir='ltr' id='par_1_7' title="bbox 197 2634 1357 2956">
     <span class='ocr_line' id='line_1_19' title="bbox 374 2634 1357 2737; baseline 0 -27"><span class='ocrx_word' id='word_1_116' title='bbox 374 2643 427 2710; x_wconf 89' lang='lat' dir='ltr'><strong>Ut</strong></span> <span class='ocrx_word' id='word_1_117' title='bbox 451 2653 574 2708; x_wconf 88' lang='lat' dir='ltr'><strong>autem</strong></span> <span class='ocrx_word' id='word_1_118' title='bbox 603 2661 680 2709; x_wconf 92' lang='lat' dir='ltr'><strong>uno</strong></span> <span class='ocrx_word' id='word_1_119' title='bbox 714 2636 850 2710; x_wconf 92' lang='lat' dir='ltr'><strong>obtutu</strong></span> <span class='ocrx_word' id='word_1_120' title='bbox 880 2635 1050 2708; x_wconf 85' lang='lat' dir='ltr'><strong>codicum</strong></span> <span class='ocrx_word' id='word_1_121' title='bbox 1082 2634 1237 2710; x_wconf 79' lang='lat' dir='ltr'><strong>subfidia</strong></span> <span class='ocrx_word' id='word_1_122' title='bbox 1271 2662 1357 2737; x_wconf 90' lang='lat' dir='ltr'><strong>pro·</strong></span> 
     </span>
     <span class='ocr_line' id='line_1_20' title="bbox 197 2747 1355 2861; baseline -0.002 -27"><span class='ocrx_word' id='word_1_123' title='bbox 197 2747 201 2754; x_wconf 42' lang='lat'>⁵</span> <span class='ocrx_word' id='word_1_124' title='bbox 298 2757 449 2858; x_wconf 82' lang='lat' dir='ltr'><strong>spectari</strong></span> <span class='ocrx_word' id='word_1_125' title='bbox 464 2755 608 2855; x_wconf 85' lang='lat' dir='ltr'><strong>poffint,</strong></span> <span class='ocrx_word' id='word_1_126' title='bbox 631 2754 767 2856; x_wconf 87' lang='lat' dir='ltr'><strong>quibus</strong></span> <span class='ocrx_word' id='word_1_127' title='bbox 784 2757 840 2830; x_wconf 85' lang='lat' dir='ltr'><strong>uti</strong></span> <span class='ocrx_word' id='word_1_128' title='bbox 855 2757 895 2830; x_wconf 89' lang='lat' dir='ltr'><strong>iu</strong></span> <span class='ocrx_word' id='word_1_129' title='bbox 912 2760 979 2828; x_wconf 88' lang='lat' dir='ltr'><strong>hac</strong></span> <span class='ocrx_word' id='word_1_130' title='bbox 995 2758 1160 2831; x_wconf 88' lang='lat' dir='ltr'><strong>editione</strong></span> <span class='ocrx_word' id='word_1_131' title='bbox 1177 2759 1355 2861; x_wconf 83' lang='lat' dir='ltr'><strong>contigit,</strong></span> 
     </span>
     <span class='ocr_line' id='line_1_21' title="bbox 298 2880 701 2956; baseline -0.002 -1"><span class='ocrx_word' id='word_1_132' title='bbox 298 2880 453 2956; x_wconf 84' lang='lat' dir='ltr'><strong>fuerunt</strong></span> <span class='ocrx_word' id='word_1_133' title='bbox 475 2881 619 2954; x_wconf 88' lang='lat' dir='ltr'><strong>codices</strong></span> <span class='ocrx_word' id='word_1_134' title='bbox 640 2881 701 2954; x_wconf 80' lang='lat' dir='ltr'><strong>hi:</strong></span> 
     </span>
    </p>
   </div>
   <div class='ocr_carea' id='block_1_7' title="bbox 243 3047 1394 4122">
    <p class='ocr_par' dir='ltr' id='par_1_8' title="bbox 243 3047 1394 3994">
     <span class='ocr_line' id='line_1_22' title="bbox 375 3047 1357 3148; baseline 0 -24"><span class='ocrx_word' id='word_1_135' title='bbox 375 3047 585 3124; x_wconf 85' lang='lat' dir='ltr'><strong>Parifienses</strong></span> <span class='ocrx_word' id='word_1_136' title='bbox 604 3072 636 3138; x_wconf 81' lang='lat'><strong>5.</strong></span> <span class='ocrx_word' id='word_1_137' title='bbox 661 3074 697 3122; x_wconf 90' lang='lat' dir='ltr'><strong>n.</strong></span> <span class='ocrx_word' id='word_1_138' title='bbox 716 3065 828 3141; x_wconf 92' lang='grc'><strong>4800.</strong></span> <span class='ocrx_word' id='word_1_139' title='bbox 850 3065 962 3140; x_wconf 77' lang='grc'><strong>4830.</strong></span> <span class='ocrx_word' id='word_1_140' title='bbox 986 3065 1024 3120; x_wconf 90' lang='lat' dir='ltr'><strong>et</strong></span> <span class='ocrx_word' id='word_1_141' title='bbox 1043 3067 1156 3140; x_wconf 76' lang='lat'><strong>4833.</strong></span> <span class='ocrx_word' id='word_1_142' title='bbox 1183 3075 1357 3148; x_wconf 90' lang='lat' dir='ltr'><strong>quorum</strong></span> 
     </span>
     <span class='ocr_line' id='line_1_23' title="bbox 300 3170 1358 3258; baseline 0 -12"><span class='ocrx_word' id='word_1_143' title='bbox 300 3171 550 3246; x_wconf 85' lang='lat' dir='ltr'><strong>conlationem</strong></span> <span class='ocrx_word' id='word_1_144' title='bbox 570 3189 613 3242; x_wconf 93' lang='lat' dir='ltr'><strong>ut</strong></span> <span class='ocrx_word' id='word_1_145' title='bbox 636 3170 824 3258; x_wconf 85' lang='lat' dir='ltr'><strong>haberem,</strong></span> <span class='ocrx_word' id='word_1_146' title='bbox 857 3170 1073 3242; x_wconf 87' lang='lat' dir='ltr'><strong>auctoritate</strong></span> <span class='ocrx_word' id='word_1_147' title='bbox 1097 3190 1226 3245; x_wconf 87' lang='lat' dir='ltr'><strong>motus</strong></span> <span class='ocrx_word' id='word_1_148' title='bbox 1251 3173 1358 3246; x_wconf 87' lang='lat' dir='ltr'><strong>Geis·</strong></span> 
     </span>
     <span class='ocr_line' id='line_1_24' title="bbox 243 3289 1394 3392; baseline 0 -26"><span class='ocrx_word' id='word_1_149' title='bbox 243 3385 246 3392; x_wconf 60' lang='lat'><em>„</em></span> <span class='ocrx_word' id='word_1_150' title='bbox 297 3293 388 3381; x_wconf 85' lang='lat' dir='ltr'><strong>leri,</strong></span> <span class='ocrx_word' id='word_1_151' title='bbox 419 3290 600 3390; x_wconf 84' lang='lat' dir='ltr'><strong>praefecti</strong></span> <span class='ocrx_word' id='word_1_152' title='bbox 622 3289 864 3364; x_wconf 86' lang='lat' dir='ltr'><strong>bibliothecae</strong></span> <span class='ocrx_word' id='word_1_153' title='bbox 887 3291 1075 3363; x_wconf 68' lang='lat' dir='ltr'><strong>Gomorrae</strong></span> <span class='ocrx_word' id='word_1_154' title='bbox 1098 3311 1135 3364; x_wconf 88' lang='lat' dir='ltr'><strong>et</strong></span> <span class='ocrx_word' id='word_1_155' title='bbox 1157 3293 1205 3364; x_wconf 84' lang='lat' dir='ltr'><strong>tle</strong></span> <span class='ocrx_word' id='word_1_156' title='bbox 1230 3319 1296 3366; x_wconf 90' lang='lat' dir='ltr'><strong>me</strong></span> <span class='ocrx_word' id='word_1_157' title='bbox 1320 3310 1359 3366; x_wconf 89' lang='lat' dir='ltr'><strong>et</strong></span> <span class='ocrx_word' id='word_1_158' title='bbox 1390 3293 1394 3300; x_wconf 81' lang='lat'>&#39;</span> 
     </span>
     <span class='ocr_line' id='line_1_25' title="bbox 299 3410 1359 3512; baseline 0.003 -27"><span class='ocrx_word' id='word_1_159' title='bbox 299 3414 345 3486; x_wconf 88' lang='lat' dir='ltr'><strong>de</strong></span> <span class='ocrx_word' id='word_1_160' title='bbox 368 3417 469 3486; x_wconf 89' lang='lat' dir='ltr'><strong>Mela</strong></span> <span class='ocrx_word' id='word_1_161' title='bbox 494 3414 636 3512; x_wconf 78' lang='lat' dir='ltr'><strong>egregie</strong></span> <span class='ocrx_word' id='word_1_162' title='bbox 658 3411 801 3500; x_wconf 85' lang='lat' dir='ltr'><strong>meriti,</strong></span> <span class='ocrx_word' id='word_1_163' title='bbox 835 3410 1000 3506; x_wconf 88' lang='lat' dir='ltr'><strong>providit</strong></span> <span class='ocrx_word' id='word_1_164' title='bbox 1027 3410 1169 3486; x_wconf 83' lang='lat' dir='ltr'><strong>Ceusstn</strong></span> <span class='ocrx_word' id='word_1_165' title='bbox 1195 3415 1246 3486; x_wconf 89' lang='lat' dir='ltr'><strong>de</strong></span> <span class='ocrx_word' id='word_1_166' title='bbox 1271 3419 1359 3494; x_wconf 51' lang='lat' dir='ltr'><strong>Pete</strong></span> 
     </span>
     <span class='ocr_line' id='line_1_26' title="bbox 299 3531 1358 3629; baseline 0.001 -23"><span class='ocrx_word' id='word_1_167' title='bbox 299 3536 420 3622; x_wconf 85' lang='lat' dir='ltr'><strong>ceval,</strong></span> <span class='ocrx_word' id='word_1_168' title='bbox 457 3531 660 3629; x_wconf 80' lang='lat' dir='ltr'><strong>praefectus</strong></span> <span class='ocrx_word' id='word_1_169' title='bbox 693 3532 938 3605; x_wconf 80' lang='lat' dir='ltr'><strong>bibliothecae</strong></span> <span class='ocrx_word' id='word_1_170' title='bbox 969 3536 1097 3606; x_wconf 85' lang='lat' dir='ltr'><strong>MStae</strong></span> <span class='ocrx_word' id='word_1_171' title='bbox 1127 3532 1358 3610; x_wconf 82' lang='lat' dir='ltr'><strong>Parifieniis.</strong></span> 
     </span>
     <span class='ocr_line' id='line_1_27' title="bbox 300 3651 1360 3751; baseline 0.006 -27"><span class='ocrx_word' id='word_1_172' title='bbox 300 3653 374 3751; x_wconf 88' lang='lat' dir='ltr'><strong>Qui</strong></span> <span class='ocrx_word' id='word_1_173' title='bbox 395 3677 542 3750; x_wconf 89' lang='lat' dir='ltr'><strong>operam</strong></span> <span class='ocrx_word' id='word_1_174' title='bbox 565 3651 740 3751; x_wconf 82' lang='lat' dir='ltr'><strong>praestitit</strong></span> <span class='ocrx_word' id='word_1_175' title='bbox 760 3655 905 3745; x_wconf 84' lang='lat' dir='ltr'><strong>Thory,</strong></span> <span class='ocrx_word' id='word_1_176' title='bbox 937 3653 987 3724; x_wconf 88' lang='lat' dir='ltr'><strong>ita</strong></span> <span class='ocrx_word' id='word_1_177' title='bbox 1009 3653 1096 3727; x_wconf 89' lang='lat' dir='ltr'><strong>illos</strong></span> <span class='ocrx_word' id='word_1_178' title='bbox 1119 3657 1273 3730; x_wconf 86' lang='lat' dir='ltr'><strong>codices</strong></span> <span class='ocrx_word' id='word_1_179' title='bbox 1296 3658 1360 3730; x_wconf 86' lang='lat' dir='ltr'><strong>de·</strong></span> 
     </span>
     <span class='ocr_line' id='line_1_28' title="bbox 298 3769 1362 3876; baseline 0 -28"><span class='ocrx_word' id='word_1_180' title='bbox 298 3772 444 3872; x_wconf 73' lang='lat' dir='ltr'><strong>scripsit.</strong></span> <span class='ocrx_word' id='word_1_181' title='bbox 495 3775 640 3848; x_wconf 81' lang='lat' dir='ltr'><strong>Primus</strong></span> <span class='ocrx_word' id='word_1_182' title='bbox 655 3793 766 3867; x_wconf 92' lang='grc'><strong>4800.</strong></span> <span class='ocrx_word' id='word_1_183' title='bbox 788 3773 919 3848; x_wconf 80' lang='lat' dir='ltr'><strong>saeculi</strong></span> <span class='ocrx_word' id='word_1_184' title='bbox 935 3769 984 3846; x_wconf 82' lang='lat' dir='ltr'><strong>est</strong></span> <span class='ocrx_word' id='word_1_185' title='bbox 1005 3794 1062 3860; x_wconf 79' lang='lat'><strong>15.</strong></span> <span class='ocrx_word' id='word_1_186' title='bbox 1086 3776 1269 3872; x_wconf 86' lang='lat' dir='ltr'><strong>scriptura</strong></span> <span class='ocrx_word' id='word_1_187' title='bbox 1296 3803 1362 3876; x_wconf 88' lang='lat' dir='ltr'><strong>pa·</strong></span> 
     </span>
     <span class='ocr_line' id='line_1_29' title="bbox 297 3894 1362 3994; baseline 0.003 -24"><span class='ocrx_word' id='word_1_188' title='bbox 297 3921 383 3970; x_wconf 86' lang='lat' dir='ltr'><strong>rum</strong></span> <span class='ocrx_word' id='word_1_189' title='bbox 406 3898 588 3994; x_wconf 83' lang='lat' dir='ltr'><strong>elegante,</strong></span> <span class='ocrx_word' id='word_1_190' title='bbox 614 3894 674 3969; x_wconf 88' lang='lat' dir='ltr'><strong>sed</strong></span> <span class='ocrx_word' id='word_1_191' title='bbox 692 3895 825 3983; x_wconf 85' lang='lat' dir='ltr'><strong>nitida,</strong></span> <span class='ocrx_word' id='word_1_192' title='bbox 853 3914 1017 3968; x_wconf 88' lang='lat' dir='ltr'><strong>ceterum</strong></span> <span class='ocrx_word' id='word_1_193' title='bbox 1039 3899 1200 3993; x_wconf 89' lang='lat' dir='ltr'><strong>optimae</strong></span> <span class='ocrx_word' id='word_1_194' title='bbox 1224 3919 1362 3990; x_wconf 82' lang='lat' dir='ltr'><strong>notae,</strong></span> 
     </span>
    </p>

    <p class='ocr_par' dir='ltr' id='par_1_9' title="bbox 299 4013 1361 4122">
     <span class='ocr_line' id='line_1_30' title="bbox 299 4013 1361 4122; baseline 0.005 -33"><span class='ocrx_word' id='word_1_195' title='bbox 299 4027 336 4090; x_wconf 84' lang='lat' dir='ltr'><strong>et</strong></span> <span class='ocrx_word' id='word_1_196' title='bbox 350 4013 654 4122; x_wconf 76' lang='lat' dir='ltr'><strong>praestantiffimis</strong></span> <span class='ocrx_word' id='word_1_197' title='bbox 669 4018 894 4093; x_wconf 87' lang='lat' dir='ltr'><strong>lectionibus</strong></span> <span class='ocrx_word' id='word_1_198' title='bbox 911 4035 1074 4091; x_wconf 85' lang='lat' dir='ltr'><strong>ornatus.</strong></span> <span class='ocrx_word' id='word_1_199' title='bbox 1109 4021 1214 4094; x_wconf 82' lang='lat' dir='ltr'><strong>Alter</strong></span> <span class='ocrx_word' id='word_1_200' title='bbox 1234 4038 1361 4114; x_wconf 75' lang='lat'><strong>4332.</strong></span> 
     </span>
    </p>
   </div>
   <div class='ocr_carea' id='block_1_8' title="bbox 0 0 1432 4926">
    <p class='ocr_par' dir='ltr' id='par_1_10' title="bbox 0 0 1432 4926">
     <span class='ocr_line' id='line_1_31' title="bbox 0 0 1432 4926; baseline 0 2"><span class='ocrx_word' id='word_1_201' title='bbox 0 0 1432 4926; x_wconf 95' lang='lat' dir='ltr'><strong> </strong></span> 
     </span>
    </p>
   </div>
  </div>
 </body>
</html>
