2816 4920
371 409 417 492 οὔ
611 427 616 436 “
657 412 915 474 POMPONII
958 413 1127 472 Mutii:
1198 421 1200 426 ’

351 609 551 692 ·quorum
574 587 740 666 nomina
767 589 836 662 vix
862 581 917 661 est
938 587 1076 686 eloqui
1099 609 1172 663 ore
1199 589 1368 664 Romano.

371 725 568 802 Amniurn
585 723 630 797 in
648 721 741 798 alias
760 735 898 822 gentes
914 725 1161 813 exeuntium,
1185 722 1372 799 Danubius

372 873 415 936 et
436 855 677 948 Rhodanus,
714 858 760 932 in
777 857 987 947 Rhenum,
1015 860 1178 936 Moenis
1194 872 1232 931 et
1247 855 1373 956 Lupir3

234 1050 236 1058 ι
345 995 420 1072 'iu
442 996 663 1079 Oceanum,
697 989 887 1082 Amissus,
922 989 1098 1093 Visurgis
1123 1007 1164 1068 et
1185 993 1291 1068 Albis
1305 991 1375 1064 cla·

338 1123 521 1224 antimi.
583 1127 709 1226 Super
728 1125 863 1202 Albim
880 1123 1089 1217 Codanus,
1117 1129 1258 1228 ingens
1278 1124 1375 1211 finus

375 1262 529 1363 magnis
549 1261 763 1362 parvisque
780 1258 920 1338 insulis
940 1259 1110 1339 refertus
1133 1259 1199 1340 est.
1254 1263 1327 1338 Hac
1343 1281 1376 1332 rs

375 1417 504 1487 mare,
540 1393 652 1496 quod
683 1397 837 1496 gremio
864 1394 1030 1474 litorum
1056 1398 1268 1500 accipitur,
1300 1417 1376 1470 nus·

374 1555 499 1634 quam
533 1530 611 1606 late
647 1543 774 1630 patet,
814 1555 889 1606 nec
923 1556 1092 1632 usquam
1121 1533 1224 1607 mari
1256 1529 1377 1615 similes

375 1690 521 1745 verum
550 1665 663 1764 aquis
693 1661 824 1765 passim
853 1663 1181 1744 interfluentibus
1211 1689 1254 1739 ac
1285 1660 1376 1760 saepe

375 1797 629 1901 transgressis,
678 1824 826 1900 vagum
875 1816 992 1901 atque
1039 1795 1254 1888 diffusum,
1296 1793 1376 1870 facio

376 1937 578 2035 amnium,
606 1932 823 2036 spargitur:
854 1959 933 2036 qua
948 1935 1066 2011 litora
1086 1933 1273 2034 adtingit,
1297 1929 1375 2029 ripis

377 2083 611 2147 contentum
638 2067 861 2145 insularum
890 2093 976 2146 uon
1003 2069 1126 2168 longe
1154 2066 1375 2148 distmubus

374 2217 417 2279 et
438 2202 590 2303 ubique
615 2228 740 2308 paene
763 2201 1031 2292 tantumdem,
1069 2204 1103 2278 it
1128 2200 1328 2305 angustum
1346 2209 1375 2272 et

374 2361 449 2442 par
485 2333 609 2428 sreto;
663 2361 915 2437 currensque
956 2336 997 2412 se
1036 2335 1228 2426 subinde,
1272 2336 1374 2431 longo

375 2469 590 2573 supercilio
610 2469 803 2548 inflexum
819 2468 885 2546 est.
941 2475 988 2548 iu
1004 2496 1054 2548 eo
1070 2469 1166 2550 sunt
1183 2471 1327 2550 Cimbri
1346 2479 1375 2540 et

374 2607 575 2700 ,Teutonis
605 2605 722 2698 ultra,
749 2605 885 2684 ultimi
901 2608 1135 2684 Germaniae
1149 2607 1372 2686 Hermiones

739 2925 905 3004 CAP.
962 2927 1031 3001 lv.

519 3113 1194 3170 *snutranlm

342 3306 366 3372 ι’
464 3288 651 3366 Sarmatia
666 3286 794 3377 intus,
819 3311 937 3387 quam
959 3287 1010 3362 sd
1027 3311 1154 3380 mare,
1181 3290 1311 3375 latior,
1334 3275 1370 3354 ab

372 3417 457 3511 his,
490 3447 593 3522 quae
616 3419 857 3522 sequuntur,
892 3420 1042 3499 Vistula
1067 3449 1186 3502 amne
1216 3422 1369 3499 danea

372 3579 453 3655 qua
475 3569 583 3633 retro
610 3557 711 3646 abit,
745 3581 874 3658 usque
897 3555 947 3630 ad
968 3555 1113 3634 Istrum
1136 3557 1287 3635 flumen
1308 3553 1369 3624 im·

371 3689 554 3768 mittitur.
638 3693 743 3768 Gens
778 3691 920 3767 habitu
957 3693 1156 3792 armisque
1197 3687 1369 3766 Parthiae

370 3825 563 3924 proxima,
582 3850 726 3901 verum
741 3839 787 3902 ut
801 3825 898 3900 caeli
920 3822 1137 3927 asperioriS,
1155 3828 1210 3902 ita
1225 3813 1367 3922 ingenii

370 3957 470 4036 Nou
492 3957 532 4034 se
560 3961 726 4038 urbibus
748 3974 902 4050 tenent,
946 3975 985 4035 et
1017 3984 1069 4036 ne
1094 3957 1198 4038 statis
1224 3951 1369 4057 quidem

80 4073 83 4080 Δ
225 4069 231 4075 ⁴
322 4087 540 4174 sssdtbus.
596 4097 651 4172 Ut
672 4095 892 4172 invitavere
913 4091 1088 4198 pabula,
1113 4109 1162 4174 ut
1185 4091 1317 4172 cedent
1334 4089 1370 4156 ei
