2856 4926
303 419 407 468 xxv}
543 401 607 460 DE
649 397 922 458 rouro-Nlo
965 399 1099 458 MELA

301 565 491 644 statuerint
510 559 639 637 diverii
661 581 845 654 auctores,
872 559 916 652 ⁶¹)
931 563 1068 658 adfert,
1097 566 1141 640 in
1157 565 1343 642 tannen

300 713 438 766 nomen
461 685 610 782 eiusque
626 685 809 784 originem
823 711 869 758 ex
884 686 966 759 eliis
987 683 1035 780 ⁶²)
1049 687 1215 785 inquirit,
1236 685 1281 776 ⁶³)
1292 689 1343 764 de

299 829 394 885 terre
416 813 561 882 Ooetno
580 807 791 880 circumflua
811 825 951 906 praeter
970 807 1136 907 phyiiooe
1150 829 1186 883 et
1200 815 1341 884 Home-

299 957 385 1008 rum
414 929 576 1004 Cornelii
602 929 758 1026 Nepotis
792 929 1038 1008 narrationem
1066 929 1195 1022 refert,
1227 927 1277 1026 ⁶⁴)
1292 933 1341 1006 do

297 1052 434 1129 'tnebir
465 1049 656 1151 ‚tegendis
695 1075 782 1123 oum
820 1057 989 1124 Homero
1029 1052 1121 1126 olioe
1154 1052 1340 1152 producit,

297 1173 342 1268 ⁶³)
361 1175 407 1247 de
434 1169 533 1247 vasto
564 1191 600 1246 et
627 1171 818 1270 incognito
840 1171 984 1249 Africae
1006 1189 1124 1246 tractu
1151 1175 1236 1249 eiiie
1256 1175 1340 1249 sub-

295 1296 420 1396 iungit
452 1293 646 1368 Hannonis
678 1289 939 1367 testimonium.
990 1295 1090 1372 Hinc
1120 1320 1208 1369 vero
1235 1297 1340 1372 muse

295 1416 536 1514 intelligitur,
569 1439 634 1486 our
657 1412 699 1486 in
720 1412 866 1487 recensu
892 1415 1087 1514 regionum
1111 1417 1340 1493 diversoum

295 1558 507 1636 temporum
533 1559 589 1608 res
610 1552 647 1606 et
670 1531 763 1608 foetu
785 1537 953 1634 deinoepe
976 1535 1089 1633 postte
1112 1563 1339 1614 commemo·

294 1681 368 1752 ret,
401 1676 527 1733 notata
547 1655 660 1729 etiam
679 1657 848 1730 locorum
871 1657 1066 1732 intervallo
1095 1662 1208 1734 modo
1233 1660 1339 1759 poffi·

294 1785 384 1871 bus,
413 1780 527 1854 modo
556 1775 695 1865 stodiis,
728 1779 845 1850 modo
864 1779 1146 1878 navigttionum
1171 1781 1341 1859 curtibus

294 1901 472 2000 deiignet,
505 1899 633 1972 necin
655 1899 738 1974 eliis
761 1899 984 1997 quibusdem
1003 1919 1145 1976 eertum
1168 1921 1339 1980 tenorem

293 2025 426 2111 servet,
450 2038 564 2119 prout
583 2019 647 2090 elii
660 2019 749 2108 alin,
770 2021 832 2094 vel
851 2021 996 2112 eadem,
1018 2026 1079 2098 vel
1094 2025 1250 2118 diverse,
1272 2029 1340 2106 vel

292 2147 419 2248 plura,
449 2143 511 2219 vel
530 2141 703 2244 pauciore
721 2137 1050 2218 subministrabunt.

295 2389 300 2396 '
369 2393 472 2486 (μου
501 2409 593 2460 vero
621 2400 764 2483 praeter
792 2383 897 2484 supro
928 2385 1140 2462 nominatos
1166 2407 1336 2466 auctoree

293 2507 534 2596 consuluerit,
568 2531 657 2580 eum
678 2507 741 2578 vel
767 2529 813 2577 ex
836 2506 1005 2581 Plinieno
1034 2511 1205 2608 catalogo
1225 2511 1336 2606 adpa-

290 2647 385 2718 reat,
424 2653 534 2726 quam
557 2627 665 2726 pauci
694 2625 740 2697 od
769 2623 888 2700 nostra
913 2646 1078 2727 tempore
1099 2630 1229 2704 ferveti
1250 2629 1338 2723 fint,

291 2750 483 2825 difficilius
503 2749 582 2822 erui
599 2745 724 2846 poffit,
749 2773 816 2821 uec
831 2746 899 2821 nist
918 2751 1136 2824 coniecturis
1156 2753 1335 2826 oliorum-

291 2899 362 2971 que
376 2870 523 2945 indiciis
539 2869 667 2959 teneri,
689 2893 776 2942 cum
794 2869 840 2943 de
857 2869 915 2959 iis,
945 2873 1012 2968 qui
1027 2874 1139 2946 etiam
1152 2899 1253 2949 nuno
1270 2899 1335 2947 ex·

290 2991 400 3080 itant,
433 2988 566 3064 certius
595 2979 687 3063 ferri
713 2987 822 3089 poffit
852 2989 1043 3067 iudicium.
1095 2999 1141 3068 h
1171 3019 1369 3094 quom·

291 3113 441 3210 quidem
479 3134 635 3184 numero
673 3113 816 3212 primus
858 3111 950 3209 poni
988 3111 1096 3185 debet
1134 3121 1333 3197 Herodotus,

290 3233 391 3332 quod
422 3231 504 3304 deta
536 3249 706 3328 opertet
734 3227 903 3303 instituto
924 3233 1131 3306 multorum
1160 3237 1333 3309 locorum

290 3351 563 3450 compotatione
583 3351 693 3424 evicit
713 3349 760 3438 ⁶⁶)
774 3352 957 3443 schottus,
990 3355 1086 3444 licet,
1118 3357 1216 3428 utin
1235 3356 1332 3447 aliis,

283 3481 424 3566 ,Graece
442 3497 523 3552 nou
541 3473 679 3576 semper
702 3469 881 3548 constanti
898 3472 971 3548 fide
990 3476 1203 3569 reddiderit,
1228 3479 1334 3576 quod

567 3821 581 3840 e
878 3781 932 3852 66)
953 3785 990 3843 V.
1008 3783 1077 3841 eius·
1089 3787 1284 3863 geographico
1300 3803 1331 3844 et

833 3865 971 3922 historica
997 3869 1144 3925 Herodoti
1178 3871 1330 3946 separatim

834 3949 910 4004 edita
932 3959 1020 4020 ¹58²·
1037 3953 1101 4028 post
1116 3947 1202 4009 etidm
1217 3955 1330 4010 adnexa

834 4031 930 4087 Melae
944 4036 977 4090 t.
988 4035 1137 4095 &onorii
1153 4047 1243 4107 1748.
1261 4059 1330 4118 pag.

835 4127 896 4184 350
912 4117 971 4194 sqq.
