2856 4926
291 405 367 456 xv}
545 385 611 443 DE
650 381 917 447 ao-tttomo
958 385 1095 446 matt
1152 438 1156 444 .

293 559 466 635 Arabiam,
492 558 635 644 Syriam
669 553 865 633 Phoenicen,
901 557 1066 633 Ciliciam,
1099 559 1342 648 Pamphyliam,

294 683 448 771 Melam,
488 681 639 755 Cariam,
672 681 820 755 Ioniam,
852 678 1002 755 Aeolida,
1031 681 1241 768 Bithyniam,
1275 689 1344 751 Pa»

293 805 518 890 pluagomam,
553 813 590 868 et
618 819 711 894 quac
738 793 827 868 inda
849 818 964 894 prope
987 801 1168 890 Pontum,
1203 802 1343 900 Bospo-

292 944 380 997 rum
408 917 652 993 Cimmerium
678 933 716 990 et
743 917 918 1013 paludem
944 917 1133 992 Maeotida
1158 921 1344 1022 expositae

293 1045 380 1118 sunt
392 1041 562 1142 regiones
575 1055 613 1113 et
633 1055 760 1138 gentes
782 1036 829 1111 ad
848 1037 1029 1134 Rhipaeos
1046 1062 1162 1136 usque
1180 1065 1343 1142 montes,

294 1165 361 1265 qui
376 1163 477 1240 ttae
498 1162 703 1236 terminum
723 1156 904 1252 statuant,
934 1159 1173 1260 prosequitur.

370 1404 643 1483 murocincto
664 1401 837 1504 digressam
860 1401 979 1499 ripam
1006 1405 1142 1482 Tanais
1173 1425 1212 1483 et
1235 1435 1344 1484 oram

295 1530 502 1608 Maeoticae
522 1527 672 1628 paludis
696 1535 938 1624 Europaeam,
972 1541 1010 1598 et
1037 1527 1103 1623 qui
1123 1553 1205 1604 eam
1234 1556 1348 1606 occu·

293 1671 404 1752 pant,
434 1658 573 1743 scyram
589 1657 779 1740 Europaeos
801 1643 1029 1746 perstringit,
1054 1649 1169 1722 altero
1190 1652 1345 1728 Interea

295 1772 447 1850 Taurica
469 1771 686 1846 Chersoneso
702 1769 843 1846 Euxini
862 1769 954 1842 litua
975 1767 1022 1840 ad
1039 1771 1263 1864 Byzantium
1280 1799 1346 1848 us-

294 1921 368 1996 qua
387 1910 598 1993 pervectus,
632 1891 699 1964 ubi
714 1891 867 1964 Thracia
889 1889 1117 1982 obversatur,
1147 1916 1259 1990 quam
1279 1919 1346 1970 ex·

293 2017 439 2114 cipiunt
469 2012 638 2110 deinceps
672 2008 831 2085 instituti
863 2010 986 2088 cursus
1015 2012 1105 2086 serit
1129 2021 1343 2098 Messana,

298 2135 474 2234 Tlteffalia,
511 2141 643 2215 Hellas,
678 2131 928 2231 Peloponnesus,
958 2141 1080 2223 Epirus
1102 2151 1139 2206 et
1160 2143 1345 2228 Illyricum.

294 2258 572 2356 Subsequuntur
599 2254 745 2354 gemina
767 2255 894 2326 ltaliae
914 2254 1045 2344 litora,
1081 2262 1190 2328 Gallia
1211 2265 1343 2330 Narbo-

293 2383 401 2482 nenses
431 2395 469 2450 et
493 2375 689 2475 Hispaniae
712 2375 805 2450 litus
833 2374 880 2447 ad
905 2371 1043 2482 fretum
1068 2400 1205 2478 usque,
1239 2381 1344 2454 unde

293 2517 471 2600 coeperat.
513 2498 615 2572 Hinc
632 2495 679 2570 ad
694 2495 827 2570 Tanais
843 2493 932 2570 ostia
946 2496 1076 2569 iterato
1096 2499 1343 2576 cursurever·

292 2623 353 2698 sus
373 2620 510 2698 insulas
530 2620 572 2692 iu
592 2619 739 2692 interno
761 2617 855 2691 mari
872 2615 955 2692 sites
973 2617 1142 2693 recenset.

368 2864 486 2940 Libro
507 2886 540 2954 5.
563 2863 754 2936 internum
771 2887 872 2936 mare
895 2862 1050 2962 egressus
1079 2889 1184 2939 cram
1209 2865 1342 2961 Hispa·

292 2986 378 3062 niae
419 2988 610 3061 occiduam
646 3003 684 3058 et
725 2985 1059 3081 septemtrionalem
1098 2987 1340 3085 persequitur,

294 3128 476 3208 quatenus
500 3113 643 3182 Oceano
666 3106 920 3204 adtinguntur.
970 3110 1069 3180 Hinc
1094 3105 1272 3180 Galliarum
1289 3111 1341 3184 ad

293 3235 504 3320 Oceantun,
537 3235 740 3306 (inmanior,
771 3233 1010 3320 Sarmaticeque
1029 3248 1186 3303 tractum
1201 3233 1242 3304 in
1261 3241 1340 3324 Scy-

290 3361 383 3424 thica
412 3376 527 3448 usque
552 3359 649 3424 utera
674 3357 831 3442 marisque
865 3349 978 3449 Caspii
1001 3352 1044 3423 in
1072 3369 1183 3426 terras
1212 3353 1338 3452 ingre-

293 3473 429 3547 dientis
450 3473 573 3547 fauces
597 3471 782 3560 describit,
815 3472 1056 3570 gentibusque
1080 3474 1222 3571 aliquot
1245 3502 1339 3548 enu-

291 3597 441 3670 meratis
464 3595 669 3692 Oceanique
688 3593 816 3667 insulis
836 3619 900 3689 per
920 3599 998 3669 an
1020 3596 1128 3667 litora
1151 3603 1266 3665 Indiae
1287 3598 1339 3670 ad

291 3715 427 3815 Gangis
466 3713 554 3790 ostia
592 3715 759 3789 vertitm.
832 3715 944 3790 Cuius
986 3717 1174 3790 maritimo
1216 3735 1338 3792 tractu

291 3837 444 3913 lustrato
463 3867 527 3938 per
551 3846 776 3916 Caesenniam,
807 3838 941 3936 Persas,
968 3843 1111 3917 Arabas,
1149 3857 1336 3934 quatenus

290 3987 374 4035 oras
389 3961 574 4049 habitant,
598 3961 642 4032 in
658 3959 831 4031 interiora
845 3957 987 4060 Africae
1007 3961 1087 4032 loca
1103 3959 1333 4055 exspatiatur.

289 4083 350 4158 aie
366 4109 481 4182 prope
495 4082 688 4172 omnibus,
714 4105 806 4180 quae
823 4081 1079 4173 innotuerant,
1103 4079 1273 4178 expositis
1289 4082 1332 4156 iu
