2856 4926
332 399 429 447 nxvt
575 381 640 440 DE
682 379 956 440 ΡΟΜΡΟΝΙΟ
1000 383 1133 442 Maca

606 565 639 632 5.
698 548 914 621 venetiis
945 565 1054 642 1477.
1088 565 1123 644 4.

355 741 358 747 ι
416 699 458 764 Ρ.
482 696 535 761 M.
564 686 826 789 Cosmogrnpbin.
878 699 922 766 ln
943 690 1017 764 fine
1037 691 1192 790 legitur:
1228 721 1282 782 par
1299 699 1368 762 Ber·

344 819 479 886 nardum
500 820 658 880 Pictorem
679 831 712 880 et
727 819 911 883 Erbardum
930 819 1072 884 liatdolt
1095 818 1134 881 de
1154 819 1292 916 Augusta
1310 841 1369 884 ano

342 963 412 1006 cum
444 953 534 1022 petro
561 939 690 1003 Loslein
723 940 763 1002 de
794 942 983 1026 [nugonem
1015 955 1185 1006 correctore
1213 965 1254 1006 nc
1274 934 1367 1036 socio.

339 1057 425 1130 Vid.
439 1053 625 1128 Maittaire
641 1061 683 1127 T.
695 1075 730 1147 4.
746 1081 782 1151 p.
797 1073 882 1148 574.
910 1057 1103 1128 Orlandini
1121 1084 1156 1155 p.
1170 1077 1228 1148 95.
1256 1056 1372 1128 Cathe-

240 1169 248 1180 ’
340 1179 442 1252 rindt
473 1200 532 1248 ars
564 1177 803 1273 imprimendi
836 1177 934 1274 apud
966 1175 1149 1250 Wolfium
1174 1179 1214 1252 in
1252 1203 1373 1252 monu-

342 1301 478 1374 mentis
502 1315 648 1396 typogr.
670 1306 712 1372 T.
737 1323 771 1370 9.
793 1323 874 1396 pag·
892 1315 977 1392 943·
1017 1299 1204 1373 Antonius
1229 1301 1268 1372 in
1292 1298 1373 1370 bibl.

340 1420 490 1518 Hispan.
507 1437 628 1491 vetere
643 1425 686 1492 T.
699 1443 729 1490 1.
746 1421 812 1491 lib.
832 1444 864 1492 1.
877 1445 907 1492 o.
923 1444 979 1492 ιι.
992 1447 1028 1520 p.
1040 1441 1099 1507 59.
1123 1447 1169 1494 ex
1182 1422 1327 1494 Labbeo
1340 1418 1378 1490 in

285 1611 289 1620 .
340 1543 431 1616 bibl.
452 1545 616 1614 Msstor.
636 1566 670 1636 p.
688 1561 774 1631 557.
816 1541 912 1638 Zapf
931 1541 973 1614 in
999 1544 1194 1617 annalibus
1215 1560 1377 1640 typogra-

193 1653 197 1663 Α
339 1664 448 1764 phiae
469 1657 697 1762 augustanae
719 1691 754 1762 p.
773 1685 831 1758 93.
866 1671 1005 1742 Panzer
1020 1665 1061 1736 in
1076 1664 1208 1738 Annal.
1223 1671 1379 1760 Typogt.

340 1795 384 1862 T.
401 1809 434 1875 5.
455 1809 536 1882 pag.
555 1807 639 1872 153.
674 1786 879 1858 Secundam
904 1787 999 1858 banc
1026 1785 1148 1856 Melae
1173 1784 1381 1871 editionem,

338 1926 383 1982 ut
397 1933 456 1980 an.
477 1924 585 1999 1459.
609 1905 744 1980 factam
768 1907 925 1993 tertiam,
957 1904 1048 1978 falso
1072 1923 1177 2002 putat
1198 1901 1383 1978 Harwood

340 2058 376 2128 p.
395 2049 481 2124 259.
495 2055 526 2100 c.
542 2031 567 2101 l.
620 2031 788 2102 Primum
812 2029 874 2100 hio
905 2027 1118 2101 correctoris
1153 2052 1296 2101 nomen
1327 2023 1385 2096 ad·

340 2149 501 2250 politum
523 2149 694 2246 adparere
717 2167 845 2222 monet
874 2148 1095 2222 Loescherus
1115 2148 1155 2220 in
1179 2154 1384 2220 stromateo

339 2270 420 2359 sect.
440 2294 496 2340 11.
513 2275 646 2368 pora.
675 2268 738 2344 etii
751 2288 969 2346 correctores
984 2289 1067 2343 ante
1082 2269 1270 2342 adhibitos
1287 2265 1386 2340 fuille

339 2393 510 2466 lubenter
531 2393 696 2492 largitur.
751 2399 809 2472 Ex
828 2409 887 2466 tot
905 2394 1073 2466 virorum
1093 2389 1388 2464 doctiffimorum

339 2511 576 2601 testimoniis,
618 2513 752 2610 quibus
783 2516 961 2587 accedunt
984 2513 1113 2587 diserta
1135 2513 1214 2586 eius
1245 2513 1387 2585 mentio

339 2635 436 2709 facta
452 2658 471 2706 a
488 2636 680 2708 Perizonio
702 2663 737 2732 p.
753 2655 837 2730 339.
860 2635 900 2706 in
925 2633 980 2706 ed.
999 2641 1160 2706 Gronov.
1182 2636 1310 2707 Melae
1333 2658 1389 2706 an.

344 2774 452 2849 1743.
477 2772 514 2829 et
537 2759 723 2855 catalogue
747 2755 988 2828 bibliothecae
1009 2755 1230 2848 Bodlejauae
1254 2763 1286 2828 V
1290 2758 1340 2828 ol.
1358 2779 1390 2827 9.

338 2906 374 2976 p.
394 2882 477 2950 166.
503 2878 572 2948 vix
592 2877 760 2949 dubitare
781 2877 829 2948 de'
846 2878 914 2948 hac
935 2876 1098 2949 editione
1118 2877 1248 2968 liceat,
1285 2879 1391 2950 cuius

338 2998 591 3098 impetrandae
609 2997 685 3094 spes
709 2999 819 3070 etiam
839 3001 934 3070 laeta
955 2997 1169 3089 adfulserat,
1202 3023 1296 3071 cum
1317 3005 1393 3071 No·

339 3120 542 3216 rimbergae
562 3143 643 3190 eam
663 3117 796 3192 servari
816 3117 1063 3217 cognoviilem
1085 3143 1132 3192 ex
1151 3119 1298 3192 Murrii
1319 3141 1395 3192 me·

338 3239 581 3313 motabilibus
616 3239 923 3312 bibliothecarum
961 3239 1065 3339 publ.
1100 3239 1395 3342 Norimbergen·

338 3359 431 3434 stum
447 3367 487 3433 P.
505 3384 536 3430 1.
552 3388 587 3457 p.
605 3381 691 3449 ege.
729 3370 779 3433 At
796 3361 898 3434 brevi
912 3357 990 3456 post
1010 3363 1118 3459 plane
1133 3361 1199 3433 illa
1220 3362 1395 3452 evanuit,

340 3507 426 3555 cum
449 3480 495 3552 de
515 3485 642 3572 Murr,
677 3507 789 3580 quem
809 3481 893 3554 ideo
915 3481 1033 3555 literis
1054 3482 1234 3572 adieram,
1270 3483 1397 3556 rescri-

337 3591 464 3702 pstllet,
490 3600 664 3675 invenille
684 3602 730 3691 se,
757 3600 850 3674 facta
868 3601 1097 3700 diligentiori
1118 3606 1397 3698 exploratione,

337 3725 379 3796 in
395 3746 638 3795 numerorum
652 3724 811 3796 lectione
828 3739 987 3796 erratum
1004 3721 1117 3813 fuiile,
1143 3727 1249 3821 quod
1263 3746 1307 3801 et
1320 3727 1399 3826 ipse

335 3841 415 3944 post
431 3842 579 3942 publice
598 3845 758 3914 monuit.
793 3842 870 3916 Nifi
887 3843 1003 3940 igitur
1018 3843 1130 3920 etiam
1144 3845 1209 3919 alii
1227 3845 1285 3922 fic
1300 3873 1399 3924 erra·

335 3967 475 4055 verint,
501 3987 586 4040 vere
603 3959 714 4036 exstat
729 3965 816 4040 haec
835 3965 962 4039 editio.
1210 3947 1214 3954 ⁴
