2856 4926
462 427 559 486 cn.
602 428 709 490 Vnt.
987 445 1101 494 nvn

288 595 325 665 6.
381 591 604 668 venetiis
635 611 744 686 ι477.
778 613 814 684 3.

128 733 264 814 Adfert
283 759 366 808 eum
392 734 620 811 Mnittoiriut
639 741 683 824 Τ.
708 761 740 810 1.
763 743 803 812 P.
822 761 854 810 1.
874 761 910 836 p.
929 752 1014 829 374.
1035 735 1101 812 fiet

53 869 93 934 P.
123 867 220 932 Mela
249 863 285 930 d.
309 863 391 930 XV.
414 863 505 930 Nou.
541 863 818 952 Vautit's1477.
846 883 880 948 3.
932 867 1102 933 Comme·

53 995 177 1056 tnorat
200 978 313 1052 etium
330 979 487 1053 Oriundi
504 1004 538 1076 p.
556 1003 639 1074 390.
657 983 731 1055 ol.
755 1007 826 1080 qua
843 981 917 1056 fide
939 997 1101 1080 uterque,

54 1104 230 1204 equidem
244 1100 406 1174 iudionre
421 1118 458 1173 et
477 1099 692 1178 constituere
708 1128 863 1202 nequeo.

314 1367 351 1441 7.
411 1346 633 1427 venetiis
663 1371 771 1445 1478·
803 1371 841 1447 4.

130 1505 323 1587 Prueftxue
340 1509 474 1584 titulus
491 1509 552 1582 hic
568 1507 635 1584 ess:
662 1514 801 1606 (alium
817 1515 916 1587 enim
934 1516 1104 1618 ignorat)
1176 1601 1181 1612 ,

54 1645 93 1710 Ρ.
110 1643 236 1708 Mellae
258 1630 495 1733 Cosmographi
515 1638 555 1700 de
566 1635 638 1730 fitu
664 1639 749 1703 orbis
772 1639 848 1702 liber
867 1647 1008 1724 primus,
1041 1645 1104 1716 cui

53 1758 227 1856 proxime
253 1763 446 1844 prooemium
470 1753 584 1826 rubro
611 1755 739 1827 colore
760 1753 935 1852 scriptum
963 1759 1105 1836 subiici·

54 1897 126 1952 tur.
173 1883 219 1948 ln
253 1875 328 1946 fine
360 1877 448 1946 haec
477 1874 673 1972 leguntur:
713 1877 901 1976 Impreffimt
926 1889 988 1950 hoc
1012 1911 1104 1974 opus·

54 2009 160 2071 culum
181 2001 218 2068 V
215 2006 325 2066 mettis
343 2025 400 2084 per
414 2001 614 2066 Bemardum
634 2005 788 2086 pictorem
803 2018 835 2068 et
852 2007 1037 2074 Ertardum
1054 2049 1104 2066 .-

48 2121 142 2225 Joeio
176 2123 241 2214 (ut
260 2117 301 2192 in
328 2115 384 2188 ed.
408 2121 464 2207 5.)
497 2121 863 2192 MCCCCLXXVIII.
893 2129 985 2194 Laus
1016 2135 1102 2203 Deo.

55 2245 191 2318 Charta
224 2235 272 2311 est
302 2236 407 2310 craffa
433 2263 474 2310 ac
505 2235 643 2326 nitida,
679 2239 807 2312 literae
833 2244 1044 2340 conspicuae
1069 2269 1107 2324 et

54 2363 174 2462 probe
193 2361 346 2449 tinctae,
372 2358 531 2452 syllabae
553 2359 668 2432 rarius
690 2363 791 2434 notis
811 2365 1005 2460 expressae,
1038 2397 1107 2446 neo

54 2504 153 2560 certe
174 2481 354 2571 obscuris,
380 2509 418 2549 ae
437 2497 475 2553 et
496 2509 530 2568 z,
558 2481 612 2550 uti
629 2479 671 2552 iit
687 2481 727 2554 in
747 2483 850 2558 illius
871 2490 950 2557 aovi
972 2491 1105 2565 codici·

54 2617 146 2703 bus,
182 2605 384 2682 efferuntur
408 2633 472 2704 per
498 2633 520 2708 ς
544 2628 633 2711 etc,
655 2695 660 2706 ⁸
683 2611 807 2709 Cupito
833 2613 990 2688 omnino
1026 2643 1104 2694 non

2 2739 3 2746 '
54 2742 188 2828 habet,
224 2755 369 2810 tantum
397 2737 437 2808 in
461 2738 625 2838 margine
648 2738 792 2834 potiora
820 2761 1033 2836 argumenta
1054 2771 1106 2817 re·

56 2867 217 2965 gionum
241 2875 278 2931 et
297 2859 468 2932 locorum
488 2875 612 2946 notat,
642 2881 733 2954 quae
750 2855 825 2954 ipso
847 2861 912 2931 usu
935 2865 1106 2962 cognovi.

56 2993 103 3102 ln·
115 2981 290 3083 pluribus
310 2980 398 3052 haec
419 2979 533 3053 editio
555 2978 787 3052 bibliothecis
807 2981 1007 3057 invenitur.

294 3237 330 3307 3.
388 3214 614 3291 Venutii·
644 3233 752 3310 ι473.
787 3233 825 3310 4.

131 3386 238 3458 Haeo
261 3379 376 3454 editio
398 3378 466 3453 vix
494 3374 603 3451 semel
629 3379 855 3477 iterumque,
888 3405 955 3454 nec
978 3379 1044 3454 nifi
1064 3383 1105 3456 in

58 3505 182 3578 literis
201 3501 353 3601 finguliu
375 3527 395 3572 a
417 3498 533 3597 priori
560 3498 757 3596 discrepat,
791 3503 892 3599 quod
916 3503 1107 3600 utriusque

60 3626 145 3701 usus
166 3623 306 3698 docuit.
357 3624 415 3698 Sic
434 3647 466 3714 ι,
484 3647 518 3716 9,
539 3643 572 3709 3.
600 3620 665 3694 illa
698 3625 807 3698 hebet
840 3633 1105 3714 hyppopotamos.

58 3749 150 3820 hoec
181 3755 441 3835 hippopotamos.
498 3743 740 3818 Consentiunt
772 3747 883 3818 etiam
915 3744 1105 3818 versiculo·

60 3895 148 3942 rum
175 3890 332 3940 numero
360 3865 514 3964 paginae
543 3889 628 3938 cum
656 3864 742 3962 ipsis
770 3869 891 3942 verbis
923 3868 1108 3963 usquead

61 3989 126 4064 lib.
146 4013 180 4078 3.
202 4013 277 4085 cop.
294 4005 330 4080 4.
367 3988 466 4061 unde
488 3988 576 4059 haec
600 4013 676 4062 uuo
696 3987 873 4063 verficulo
896 4007 1049 4085 augetur
1071 4005 1108 4058 et

64 4111 308 4212 discrepantia
323 4107 492 4184 infertur.
524 4115 570 4182 In
582 4105 658 4184 fine
670 4112 758 4184 haec
769 4111 895 4211 ponitt
920 4105 1107 4206 Impteffitm
