2856 4926
475 391 573 451 GAP.
615 395 722 455 vm.
1021 403 1119 452 111111

78 559 179 651 num',
198 555 357 634 editioni
370 555 452 630 suae
467 557 573 632 alteri
588 553 802 658 praepofito,
822 553 981 630 remittit
994 555 1042 630 ad
1062 581 1126 632 an·

80 701 305 775 1111111453.
337 698 374 752 et
404 687 545 754 Romae
575 678 671 754 forte
697 677 833 752 factam
857 679 970 752 addit.
1022 678 1125 754 Circa

78 805 174 878 idem
190 823 340 902 tempus
353 803 543 901 vulgatam
558 801 624 874 elle
639 818 745 900 putat
756 805 923 899 Hagerus
935 800 976 875 in
993 807 1123 902 Geogr.

78 927 325 1000 Bricher-Saal
350 931 391 998 T.
411 949 445 996 a.
470 931 509 996 Ρ.
533 947 566 1013 7.
593 948 672 1022 pag.
695 945 779 1011 511.
806 931 1040 1022 Romamque
1063 925 1124 998 illi

77 1050 197 1120 locum
220 1048 385 1119 natalem
413 1047 545 1118 tribuit
574 1071 659 1118 cum
684 1041 850 1120 Ernestio
874 1043 971 1140 apud
999 1045 1124 1118 Fabri·

77 1170 173 1240 cium
195 1196 233 1268 p.
255 1191 315 1260 77.
330 1193 360 1240 c.
381 1170 409 1239 l.
439 1163 503 1239 etli
532 1169 592 1239 hic
616 1169 748 1242 melius
772 1169 818 1240 ad
844 1191 985 1239 annum
1013 1183 1122 1261 1495.

77 1289 223 1386 profert.
275 1297 420 1385 Nempe
445 1314 530 1360 cum
553 1289 723 1362 exhibeat
743 1307 871 1362 notam
897 1288 1001 1360 illam
1021 1313 1122 1386 prae·

78 1407 274 1499 sationem,
316 1411 402 1506 quia
430 1412 635 1485 Alexander
658 1418 720 1484 v1.
751 1410 920 1510 regnavit
949 1409 993 1482 ab
1022 1435 1121 1484 anno

7 1525 8 1602 ᾗ
80 1551 181 1625 1491.
207 1533 257 1604 ad
284 1553 393 1618 1505.
428 1531 522 1604 intra
554 1533 625 1604 hoc
654 1531 810 1628 spatium
844 1549 939 1603 certe
972 1530 1120 1626 prodiit.

75 1659 182 1726 Porro
204 1677 293 1724 cum
309 1653 427 1749 prima
448 1651 618 1748 sequatur
635 1653 909 1725 emendationes
927 1653 1121 1724 Hermolai

76 1775 239 1865 barbari,
280 1772 406 1871 paucis
442 1773 663 1870 quibusdam
689 1773 869 1869 exceptis,
907 1797 999 1868 quae
1023 1769 1121 1846 forte

7 1939 8 1944 ,
75 1895 211 1967 librarii
229 1895 454 1992 negligentia
479 1892 603 1967 omissa
624 1894 725 1984 sunt,
751 1895 827 1967 11111
845 1911 939 1966 certe
957 1891 1120 1992 vulgatis
1215 1929 1221 1941 ’

77 2015 223 2088 demum
244 2015 414 2111 adparata
428 2013 487 2090 eft.
526 2023 655 2114 Neque
668 2018 789 2090 solum
808 2017 1030 2090 Hermolaus
1045 2013 1121 2112 ipse

75 2136 112 2208 111
126 2133 424 2236 castigationibus
441 2139 486 2208 ad
508 2139 641 2226 1,5.1.
664 2159 762 2212 certo
784 2139 924 2211 indicio
946 2137 1118 2228 declarat,
1226 2219 1236 2235 ἱ

77 2283 144 2353 quo
158 2283 219 2330 eas
241 2283 341 2331 anno
357 2259 550 2358 scripserim
579 2259 690 2334 refert
706 2262 806 2334 enim
827 2261 895 2333 illo
912 2284 1010 2333 anno
1033 2265 1119 2332 Gra·

76 2395 194 2451 natam
231 2379 274 2450 in
307 2375 520 2478 potestatem
557 2381 750 2479 Hispaniae
786 2379 996 2478 principum
1033 2405 1119 2454 oon·

76 2497 215 2588 ceffiffe,
251 2501 352 2600 quod
372 2499 511 2573 factum
532 2501 598 2575 else
621 2500 757 2575 constat
777 2527 876 2576 anno
902 2521 1019 2597 14923
1057 2500 1118 2574 sed

76 2638 108 2692 et
125 2647 172 2692 ex
193 2617 341 2695 historia
362 2622 522 2696 literaria
543 2623 707 2713 discitur,
735 2623 901 2696 secundis
921 2621 1120 2721 castigatio·

7 2771 10 2846 p
75 2743 179 2816 nibus
196 2743 376 2818 Plinianis
391 2747 456 2818 bas
473 2743 575 2818 fuisse
597 2745 753 2818 adiectas
776 2764 812 2818 et
826 2751 966 2819 Romae
985 2741 1118 2816 formis

76 2865 246 2938 Eucherii
260 2865 442 2963 Argentei,
461 2867 642 2955 Germani,
662 2866 787 2940 ldibus
804 2867 908 2940 Febr.
924 2885 1031 2958 1495.
1048 2862 1117 2937 101.

7 3037 8 3064 .
78 2987 279 3083 exscriptas,
306 3011 417 3082 quam
436 2987 586 3082 quidem
604 2987 806 3062 editionem
823 2988 896 3084 ipse
916 2987 1120 3062 111610110-

7 3255 8 3274 1

7 3275 9 3304 1

7 3309 8 3328 t

77 3107 221 3180 vianam
238 3106 504 3202 repetitionem,
525 3109 694 3182 vitiosam
710 3111 820 3209 saepe,
845 3137 890 3182 ex
905 3103 1119 3182 Dresdenfis

77 3226 318 3301 bibliothecae
335 3229 434 3328 gazis
451 3228 616 3302 conferre
630 3227 745 3304 licuit.
797 3239 855 3306 De
876 3231 957 3303 aliis
977 3227 1120 3327 castiga·

7 3399 9 3448 ,
79 3350 223 3422 1101111111
247 3349 492 3438 editionibus,
522 3352 563 3424 in
583 3351 718 3447 quibus
737 3352 963 3426 Maittairius
985 3353 1121 3450 aliique

7 3449 10 3580 1
79 3469 200 3566 paffirn
215 3487 354 3558 errant,
382 3469 429 3543 cs.
445 3469 561 3546 Deraia
577 3473 959 3572 Merkwdrdiglreiteu
974 3473 1039 3546 der
1054 3479 1121 3546 Ga-

7 3657 8 3700 3
81 3591 265 3664 relliscben
286 3591 497 3666 Bibliothelr
511 3618 545 3690 p.
564 3617 636 3682 217
655 3595 704 3694 sq.
729 3595 794 3667 ubi
814 3594 925 3668 etiam
944 3597 1037 3695 ipsas
1060 3597 1120 3668 de·

82 3711 209 3786 scribit.
262 3720 320 3786 Aa
337 3737 425 3788 vero
443 3715 530 3788 haec
547 3719 669 3789 Melae
689 3715 804 3789 editio
825 3715 945 3816 ipsum
965 3724 1122 3791 Hermo·

7 3927 8 3930 Ἴ
82 3833 179 3906 laum
193 3831 324 3906 habeat
339 3853 526 3908 auctorem
537 3856 573 3909 et
586 3837 864 3928 moderatorem,
882 3839 967 3912 cum
982 3863 1122 3927 omnes,

84 3955 202 4052 quide
217 3982 262 4029 eo
277 3955 417 4052 aliquid
430 3931 676 4047 tradiderunt,
701 3958 862 4056 adeoque
877 3962 1124 4034 Mazzuchclli

83 4076 120 4150 in
138 4079 256 4152 libro:
290 4077 456 4152 Scrittori
477 4077 626 4154 d’ltalia
645 4081 779 4157 Vota.
798 4088 837 4157 P.
859 4109 889 4158 1.
905 4109 941 4182 p.
960 4085 1033 4171 156
1048 4081 1122 4182 sqq.
