2856 4926
244 293 296 341 xre
492 275 555 334 DE
596 273 867 335 rontrottto
911 276 1046 336 MELA

242 441 461 544 Jupaeilium,
483 441 603 542 frons,
628 471 673 524 os,
695 442 835 543 fauces,
862 469 992 522 cornua,
1017 446 1115 514 radiet
1131 475 1176 494 ·-
1188 469 1203 524 ,·
1243 443 1292 518 tle

249 563 370 638 forma
398 592 593 654 procurrere,
623 575 822 657 exporrigere
841 563 898 667 Je,
936 571 1097 654 converti,
1130 573 1221 636 eoelei
1244 575 1292 648 in,

249 695 439 780 prominere,
464 693 624 768 excedere,
653 695 753 767 exire,
780 713 955 766 excurrere,
983 707 1121 766 extare,
1147 695 1291 768 eminere,

250 815 389 886 extnrdi,
415 812 503 876 obire
517 817 560 886 in,
585 817 801 899 progredior,
825 807 994 911 fustigare
1005 804 1061 907 se,
1087 815 1165 878 litus
1184 815 1292 896 impel-

251 936 321 1009 lere,
344 945 469 1002 contra
487 936 632 1009 recedere,
654 938 785 1019 retroiri,
807 936 932 1010 obduci,
948 927 1100 1028 refugere,
1119 933 1292 1009 obscedere,

199 1056 202 1064 '
250 1059 409 1141 amplecti,
427 1050 618 1151 submoveri,
640 1057 763 1132 reduci·
795 1051 841 1124 do
858 1051 917 1141 iis,
944 1075 1037 1147 quae
1052 1052 1243 1123 continent
1257 1067 1297 1123 et

252 1170 393 1261 ferunt,
418 1180 538 1250 clarus,
569 1175 722 1270 impigris,
747 1177 904 1274 inlustris,
930 1179 1082 1252 inclutus,
1105 1173 1294 1272 uotiffimus,

252 1295 483 1374 memorabilis,
508 1298 688 1372 nobilitari,
714 1299 890 1395 inlrfirari,
922 1311 1110 1367 utcontra
1133 1298 1293 1383 ignobilis,

248 1413 414 1515 obscurus,
430 1418 506 1514 fine
520 1423 644 1486 nomine
651 1445 664 1497 ;
694 1416 786 1487 item
807 1443 972 1505 occupare,
995 1435 1106 1498 tenere,
1129 1417 1295 1514 poffidere,

251 1543 343 1622 alere,
359 1535 462 1634 ferre,
478 1541 583 1638 stare,
604 1533 769 1639 sustinere,
797 1545 966 1617 adtollere,
992 1545 1123 1626 erigere,
1145 1535 1297 1636 frugem

252 1658 298 1729 de
311 1659 479 1731 locorum
496 1659 751 1733 conditoribus
769 1665 908 1744 condere,
922 1657 1080 1760 slo'tuere,
1097 1663 1295 1758 constituere,

250 1807 375 1868 ponere,
402 1789 578 1862 oriundus;
610 1781 655 1855 de
675 1780 885 1870 fluminum,
910 1782 951 1852 in
970 1781 1104 1878 quibus
1119 1780 1297 1854 notandis

251 1901 344 1973 mire
358 1902 486 1992 variat,
512 1920 599 1976 ortu
613 1912 698 1983 oriri,
722 1911 849 1983 exoriri,
864 1900 1005 2002 surgere,
1028 1900 1199 2001 exsurgere,
1223 1931 1297 1974 eon·

252 2030 335 2110 cipi,
362 2020 467 2122 irasci,
503 2031 553 2091 edi
560 2071 578 2110 „
603 2052 768 2112 emergere,
795 2031 941 2094 extoliere
952 2022 1008 2124 se,
1035 2033 1155 2112 aperire
1165 2023 1296 2122 fontes,

252 2153 342 2217 mitti
362 2173 420 2225 err
460 2143 631 2216 decursu
654 2173 744 2234 ogere
764 2153 898 2226 alveum,
924 2153 1058 2226 adiuero,
1085 2152 1175 2214 alveo
1193 2151 1299 2245 strin-

254 2294 333 2355 gere,
359 2271 525 2346 decurrere,
553 2273 700 2345 decidere,
727 2268 869 2366 dq‘luere,
894 2274 1033 2356 degredi,
1055 2273 1159 2346 deiici,
1181 2271 1298 2347 delabi,
1378 2351 1380 2354 .

255 2393 397 2466 demitti,
430 2381 628 2488 descendere,
655 2394 799 2468 devolvi,
825 2391 992 2494 diffundi,
1014 2385 1171 2487 dispergi,
1197 2385 1298 2486 ferri,

256 2495 425 2607 insurgere,
456 2511 640 2606 interfluere,
667 2517 796 2590 intrare,
822 2519 875 2589 ire,
901 2517 1081 2598 irrumpere,
1104 2513 1182 2590 lobi,
1206 2537 1300 2597 prae·

255 2639 372 2718 eipitot
404 2637 512 2711 uude,
546 2632 783 2728 praeterfluere,
824 2635 1007 2720 procedere,
1038 2628 1149 2729 secare
1190 2657 1298 2719 agros,

247 2755 401 2854 fimpleoo,
418 2750 555 2852 solidus,
581 2780 677 2838 ruere,
710 2761 814 2820 venire
827 2781 899 2833 -—,·
933 2752 978 2823 de
997 2751 1099 2822 exitu
1119 2748 1302 2850 consociare

250 2873 434 2976 sepelogm
460 2877 606 2973 definere,
634 2880 780 2944 devenire
801 2881 836 2942 in
852 2903 949 2953 aiore,
976 2871 1114 2971 effluere,
1137 2874 1302 2969 effundere

251 2993 300 3096 se,
324 3003 439 3083 egredi,
463 3001 556 3076 elabi,
579 3002 694 3075 emitti,
717 3004 856 3064 emittere
877 3003 1008 3082 undam,
1034 3023 1200 3080 erumpere,
1225 3021 1301 3064 eva·

257 3124 329 3187 dere
346 3126 377 3185 in
395 3123 537 3206 pelagus,
566 3124 681 3201 evolvi,
709 3125 804 3201 exire,
832 3115 979 3214 infundi,
1006 3145 1043 3188 os
1066 3123 1204 3202 aperire,
1229 3143 1302 3204 per·

258 3267 360 3310 meare
377 3248 421 3318 in,
446 3235 609 3334 profluere,
635 3265 759 3327 vergere
781 3247 814 3307 in
837 3229 1007 3318 oceanum,⁸
1048 3253 1233 3308 etoontre
1254 3235 1303 3307 de

257 3361 352 3433 mari
382 3379 508 3447 potere,
549 3367 687 3449 aperire,
723 3360 828 3433 cuius
855 3359 965 3431 etiam
998 3357 1153 3430 omnino
1179 3357 1303 3431 varino

258 3481 577 3570 iunt'notationes,
602 3497 646 3551 ut
666 3482 813 3576 wisteren,
835 3487 970 3559 adiuero,
996 3487 1155 3569 amplecti,
1179 3487 1304 3566 aperire

260 3627 380 3690 terras,
407 3613 546 3691 cingere,
573 3609 786 3682 circumirem,
818 3580 1017 3692 contingere,
1049 3604 1191 3698 effundi,
1222 3608 1302 3672 inci·

260 3735 331 3797 dere
361 3733 448 3795 lotus
484 3751 578 3808 orae,
623 3730 776 3807 immitti,
818 3731 987 3811 impellere,
1034 3733 1153 3792 intrare
1184 3741 1301 3808 terror,

261 3859 446 3938 iratmpere,
473 3843 599 3949 salire,
631 3842 819 3950 submovere
843 3865 963 3932 emas,
998 3852 1121 3938 ripam,
1161 3845 1300 3944 refluere,

260 3987 399 4061 tangere.
