2816 4920
235 429 239 436 .
376 388 421 472 aa
540 399 546 411 ·
652 379 1114 451 rouronrruarss

375 554 625 648 Mesembria,
655 555 888 651 Anchialos:
922 573 962 636 et
980 559 1188 640 intimoin
1208 555 1300 652 finn,
1322 575 1367 638 at·

373 719 455 796 que
483 693 556 772 uhi
584 696 735 772 Pontus
769 695 938 772 alterum
969 691 1032 774 sui
1060 692 1208 774 flexum
1238 696 1368 798 angulo

372 824 464 906 finit
494 853 659 930 magno,
694 829 920 932 Apollonia,
986 833 1108 908 Recta
1135 813 1369 922 demicare,

372 959 448 1040 nifi
487 962 599 1062 qnod
631 962 764 1040 media
797 963 923 1041 ferme
962 965 1009 1050 in
1052 965 1368 1069 promontorium,

370 1097 485 1200 quod
499 1098 703 1199 Thyniam
727 1113 883 1188 vocant,
912 1101 1005 1190 erit,
1035 1117 1075 1178 et
1096 1103 1271 1184 ineurvis
1288 1125 1368 1178 con·

368 1247 430 1308 tra
463 1229 504 1306 se
532 1231 718 1310 litoribus
748 1231 1002 1326 obtenditur,
1050 1237 1247 1339 urbesque
1272 1231 1367 1313 susti·

367 1381 438 1445 net
461 1362 764 1468 Halmydeson,
794 1382 834 1444 et
856 1369 1028 1462 Phileas,
1058 1385 1099 1448 et
1117 1372 1365 1474 Phinopolim.

332 1503 569 1581 enactenus
586 1506 747 1580 Pontus.
773 1501 932 1580 Deinde
952 1502 1007 1580 est
1017 1509 1215 1608 Bosporus
1233 1523 1271 1584 et
1285 1510 1366 1582 Pro·

365 1641 519 1744 pontis:
537 1641 582 1716 in
595 1641 786 1740 Bosporo,
802 1640 1059 1740 Byzantium:
1078 1638 1366 1742 inPropontide,

364 1774 608 1876 Selymbria,
639 1771 869 1862 Perinthos,
903 1774 1110 1876 Bithynis:
1161 1796 1366 1876 amnesque,

364 1911 439 2011 qui
474 1907 733 1998 interfluunt,
778 1911 948 2009 Erginos
985 1926 1025 1985 et
1060 1909 1250 2012 Athyras:
1291 1925 1364 1985 tum

364 2041 496 2120 Rheso
531 2057 689 2145 regnata
727 2042 931 2144 quondam
968 2069 1057 2146 pars
1092 2045 1297 2134 Thraciae,
1332 2053 1364 2116 et

362 2174 545 2254 Bisanthe
597 2177 844 2269 Samiorum,
894 2191 934 2254 et
978 2179 1119 2279 ingens
1168 2173 1362 2280 aliquando

90 2329 93 2339 '
221 2419 224 2424 Ι
362 2309 552 2413 Cypsela:
588 2311 676 2416 post
691 2312 816 2402 locus,
838 2335 960 2410 quem
976 2315 1085 2389 Graii
1109 2318 1248 2415 Μακρὸν
1266 2317 1363 2406 τεῖχος

362 2444 581 2547 adpellant,
615 2462 655 2523 st
678 2449 723 2522 in
745 2443 917 2522 radicem
943 2472 1105 2549 magnae
1126 2473 1252 2549 paene
1271 2442 1363 2536 insu·

325 2581 423 2674 plue
444 2573 581 2659 sedens
602 2579 859 2684 Lysimachia.
917 2587 1039 2659 Terra
1068 2606 1172 2681 qnae
1193 2581 1362 2683 sequitur,

359 2741 558 2818 nusquam
576 2717 672 2806 lata,
701 2731 818 2818 atque
834 2716 901 2794 hie
917 2715 1093 2792 artiffinra
1109 2718 1216 2794 inter
1229 2717 1361 2794 Helles·

358 2867 531 2953 pontum
573 2852 852 2952 Aegaeumque
886 2852 1096 2952 procurrit.
1172 2848 1360 2954 Angustias

357 2984 554 3077 Isthmon:
605 2982 782 3061 frontem
821 2986 909 3061 eius
956 2981 1185 3062 Mastusiam
1193 3013 1206 3076 ;
1251 2999 1359 3061 totam

239 3157 246 3165 ·
356 3116 646 3196 Chersonesum
678 3118 897 3220 adpellant:
923 3118 1004 3224 βοὶ)
1027 3117 1155 3196 multa
1183 3139 1359 3196 memora·

355 3251 490 3330 bilem.
558 3251 624 3330 Est
652 3254 696 3329 in
729 3279 774 3330 ea
797 3243 950 3330 flumen
982 3255 1130 3354 Aegos,
1167 3251 1357 3354 naufragio

356 3384 471 3464 elatis
492 3388 640 3464 Atticae
664 3385 826 3489 insigne.
874 3385 941 3464 Est
961 3401 1001 3464 et
1020 3388 1168 3490 Abydo
1191 3389 1357 3467 obiacens

353 3518 493 3610 Sestos,
512 3519 684 3598 Leandri
700 3547 833 3600 amore
849 3523 1082 3625 pernobilis.
1115 3520 1181 3600 Est
1195 3539 1234 3600 et
1247 3520 1355 3622 regio»

352 3655 398 3730 in
419 3681 499 3756 qua
512 3653 717 3732 Persarum
740 3659 933 3736 exercitus
953 3655 1097 3736 divisas
1119 3656 1243 3760 spatio
1263 3631 1355 3758 pelt-

352 3815 485 3894 goqne
508 3805 640 3881 terras,
668 3789 783 3869 ausus
801 3791 991 3894 pontibus
1005 3794 1173 3894 iungere
1197 3795 1354 3894 (mirum

333 3939 471 4023 'atque
499 3925 638 4027 ingens
668 3923 866 4028 facinust)
902 3949 951 4001 ex
981 3925 1069 4003 Asia
1098 3928 1146 4015 in
1167 3926 1353 4021 Graeeiam

327 4059 472 4166 pedes
493 4076 534 4137 et
557 4085 644 4140 non
664 4061 845 4164 navigata
872 4063 995 4140 maria
1016 4057 1264 4166 transgressus
1292 4051 1365 4134 ed·
