2868 4930
488 412 586 474 w·
619 415 727 482 vm.
1003 441 1127 492 citum

77 582 126 658 nd
149 605 214 658 me
231 576 400 672 millet,
423 579 504 655 vidi
519 576 598 680 post
612 580 794 676 Voffium,
817 585 922 662 cuiue
942 607 1051 666 notae
1073 619 1129 668 re·

76 705 188 803 spicit
211 705 256 778 ed
281 728 314 794 1,
338 731 373 800 9,
396 723 430 791 8.
463 701 530 776 effe
552 703 733 797 confecto,
772 725 809 782 et
830 709 872 782 in
898 713 1128 808 expediendo

76 827 184 902 sensu
207 827 332 900 Meloe
353 841 392 903 ct
413 823 627 920 explicanda
654 830 880 928 Geogrephie
902 832 1046 934 versari,
1074 864 1127 912 re·

76 965 182 1024 moto
203 965 326 1021 textus
340 947 593 1046 exploratione
608 947 749 1040 critica,
774 977 844 1026 neo
859 950 928 1026 nitt
940 973 1028 1030 nott
1043 958 1128 1034 satie

75 1072 299 1168 plerumque
314 1067 471 1160 adferre,
497 1069 604 1144 utilio
619 1087 742 1148 tumen
758 1089 796 1145 et
810 1089 903 1170 apte.

154 1271 338 1348 Curiofiue
367 1273 407 1346 in
429 1275 571 1349 Melam
594 1275 790 1373 inquirunt
816 1295 925 1352 notae
947 1285 1017 1352 lec.
1036 1285 1126 1356 Gro-

74 1395 186 1470 novii
211 1396 492 1490 manuscriptae,
539 1421 628 1493 quoe
653 1421 700 1470 ex
731 1395 809 1470 eius
843 1423 906 1471 ore
939 1421 1126 1498 exceperat

76 1517 299 1614 discipulus,
326 1534 362 1588 et
376 1515 510 1590 melior
531 1516 606 1589 sore
626 1517 667 1588 in
683 1519 888 1612 Seyboldii‚
914 1521 1125 1600 Profefforic

76 1639 270 1737 quondam
303 1635 565 1736 Tubingensu‚
616 1635 875 1712 bibliothecam
914 1643 1124 1738 deduxerat,
1256 1623 1263 1638 ’

76 1759 145 1858 qui
164 1760 225 1832 vir
246 1759 374 1833 docttu
405 1761 452 1832 ad
481 1785 633 1833 omnem
662 1762 931 1834 humanitatem
954 1765 1125 1842 lubenter

74 1899 242 1982 paratus,
283 1905 409 1954 oerum
438 1881 545 1956 usum
575 1882 752 1956 benevole
781 1882 969 1972 concessit‚
1008 1883 1056 1958 fic
1081 1905 1125 1962 ut

73 2006 279 2077 maximam
300 2022 441 2102 partem
464 2004 505 2078 in
525 2003 625 2078 notis
648 2002 828 2103 adpofitne
849 2006 894 2078 ab
909 2006 990 2079 eliis
1011 2009 1124 2084 etiam

74 2125 277 2200 lectoribus
308 2126 476 2223 cognosci
508 2143 544 2198 et
570 2125 725 2198 iudicari
751 2123 894 2222 possint
945 2127 1123 2206 Eiusdem

76 2245 259 2322 Gronovii
285 2244 479 2338 breviora,
508 2245 569 2319 sed
596 2245 790 2344 frugiferae
815 2265 922 2322 notae
947 2247 1124 2324 submini-

74 2365 248 2444 straverat
263 2367 509 2466 Adelungiue,
534 2369 716 2466 praeclare
731 2370 776 2441 de
791 2368 1000 2445 adiuvando
1019 2377 1122 2449 Melt
1265 2469 1269 2478 Ι

74 2495 249 2578 meritus,
273 2489 457 2562 Perizonii
477 2489 629 2586 quidem
648 2490 803 2563 nomine
826 2489 1035 2590 inscriptas,
1061 2495 1123 2570 tet

73 2638 160 2687 vere
183 2612 380 2702 Gronovii,
406 2610 507 2709 quod
528 2611 594 2684 usu
616 2609 776 2710 cognovi
794 2609 841 2682 ed
865 2633 900 2702 3,
921 2617 955 2686 6.
970 2614 1024 2690 in.
1055 2616 1122 2690 utt

73 2734 188 2834 patric
206 2733 379 2806 meminit
395 2733 435 2806 in
453 2732 552 2806 notis
569 2732 616 2805 ed
630 2731 713 2806 Liv.
731 2753 765 2822 5,
784 2749 844 2824 54.

151 2943 336 3010 Praetereo
359 2935 526 3034 publicae
547 2934 728 3010 auctionis
757 2933 1033 3032 obportunitete
1055 2935 1121 3010 ob·

72 3061 148 3146 lutu¹
167 3075 391 3154 comparatas
412 3075 521 3132 teneo
541 3065 636 3128 Petri
654 3063 837 3128 Burmanni
860 3056 1119 3140 adnotationes

70 3181 113 3254 in
128 3180 291 3276 publicis
306 3177 436 3254 scholis
451 3181 585 3268 editae,
608 3201 671 3250 ecs
692 3195 818 3252 umen
834 3196 964 3252 tenues
988 3195 1025 3252 et
1044 3179 1119 3252 exi·

70 3305 147 3390 len,
172 3298 220 3373 stc
233 3317 277 3374 ut
295 3301 343 3376 td
358 3301 620 3399 explicandum
634 3300 776 3374 Molem
794 3323 926 3399 perum
941 3315 1005 3372 tut
1021 3301 1119 3374 nibil

70 3421 276 3500 conferant.

142 3633 273 3722 Neque
292 3623 354 3697 hic
370 3623 516 3723 ingrato
534 3621 679 3698 filentio
693 3622 781 3697 licet
800 3619 992 3722 praeterire
1006 3641 1116 3700 notet

69 3749 105 3821 b.
115 3747 283 3840 Geisleri,
297 3769 386 3843 quoe
395 3745 662 3822 Meisnerinnce
674 3745 831 3820 editioni
844 3745 909 3816 ille
922 3743 1115 3842 adscripta

68 3873 172 3944 ultro
196 3869 319 3940 adme
339 3867 502 3958 atterat,
534 3865 561 3940 fi
578 3866 668 3966 quid
687 3866 840 3940 indeed
864 3865 970 3938 usum
991 3867 1116 3938 Meloe

66 3992 239 4067 converti
253 3987 350 4086 poffc
369 3987 635 4064 intellexissem.
675 3987 921 4062 Continentur
939 3985 1026 4058 illoc
1038 3983 1116 4059 tere

65 4111 377 4213 explicationibus
415 4127 453 4186 et
494 4109 828 4208 comparationibus
873 4104 1115 4208 geographia
