2868 4930
204 431 267 494 ur
301 425 414 491 stru
443 425 588 494 ousrs
624 435 714 495 uu
744 435 783 496 c·
812 439 845 499 c.
866 441 892 496 1.
1037 447 1060 516 5

67 617 212 695 curuo,
263 621 518 707 quatuorque
560 629 611 682 eu
645 631 695 684 eo
734 609 858 684 meria
897 609 1061 712 recipit,

68 765 175 818 uuum
195 764 218 815 s
235 737 536 842 septemtrione,
571 766 593 815 u
613 741 782 819 meridie
804 742 909 834 duo,
943 769 1062 845 quur·

69 891 139 952 tum
169 875 218 951 cb
254 873 404 954 occuiu.
474 877 565 953 Suis
593 876 691 954 locis
727 877 797 954 illc
825 875 1061 957 referentur.

71 1015 139 1088 Hoc
160 1013 334 1114 primurn
361 1007 591 1114 angustum,
626 1035 700 1087 uec
729 1014 900 1116 emplius
924 1011 1102 1102 decens

68 1147 208 1224 milibus
231 1144 412 1248 patruum
442 1161 598 1248 potens,
635 1161 756 1224 terras
786 1149 913 1250 sperit
944 1163 1064 1250 atque

68 1279 176 1365 intrat,
230 1287 340 1358 Tum
364 1283 486 1384 longe
510 1273 667 1381 lateque
692 1277 903 1374 diffusum,
939 1283 1065 1386 abigit

67 1413 153 1490 vrbe
183 1414 363 1492 cedentia
390 1417 529 1506 litore,
567 1415 788 1517 iisdemque
825 1444 874 1494 ex
905 1417 1064 1498 diverso

66 1574 173 1652 prope
195 1551 452 1642 coeuntibus,
489 1549 588 1628 odeo
617 1552 661 1626 in
686 1567 815 1630 artum
839 1557 989 1656 agitur,
1017 1569 1065 1632 ut

66 1688 183 1764 minus
204 1687 303 1762 mile
330 1685 494 1787 poffibus
525 1702 662 1788 patent.
727 1687 825 1765 Inde
851 1686 891 1764 se
916 1686 1066 1779 rursus,

66 1816 121 1896 sed
131 1820 285 1900 modice
300 1819 533 1912 admodum,
556 1823 677 1900 laxat:
706 1821 921 1924 rursusque
936 1825 1067 1914 etism,

67 1979 169 2054 quun
183 1953 282 2046 fuit,
318 1957 441 2034 trtius
457 1959 539 2033 exit
560 1959 604 2034 in
622 1955 803 2060 spatium.
858 1965 951 2065 Quo
972 1983 1067 2036 curu

67 2089 111 2166 cst
128 2109 346 2194 acceptum,
382 2093 523 2194 ingens
545 2093 693 2170 iterum
712 2107 751 2167 et
772 2119 916 2195 magno
939 2093 978 2170 se
1000 2119 1069 2168 ex-

67 2226 176 2304 tendit
209 2228 382 2316 ambitu,
419 2241 460 2301 et
496 2251 659 2328 msgnoe
694 2227 854 2328 paludi,
891 2244 1068 2306 ceterum

17 2445 18 2448 Ἴ
67 2363 191 2462 exiguo
216 2387 300 2451 ore,
325 2363 595 2462 coniungitur.
648 2359 695 2438 Id
714 2386 834 2438 omne
850 2389 928 2464 qua
944 2365 1067 2452 venit,

68 2519 206 2597 qusque
225 2495 485 2599 dispergitur,
527 2522 612 2572 uno
642 2497 840 2574 vocabulo
870 2497 1066 2574 Nostrum

70 2655 157 2706 nare
189 2631 351 2716 dicitur.
425 2629 634 2732 Augustius
668 2633 962 2731 introitumque
998 2656 1104 2722 ve·5

17 2769 18 2800 ³
68 2766 216 2857 nitentis,
253 2792 329 2844 nos
349 2769 528 2856 Fretum,
566 2768 704 2842 Graeci
730 2769 898 2866 πορθμὸν,
935 2767 1069 2868 appel·

69 2899 144 2977 bnt.
201 2907 293 3008 Qua
312 2895 575 2991 diffunditur,
603 2903 677 2976 alia
695 2903 783 2978 eliis
804 2903 901 2978 locis
922 2925 1070 3001 cogno·

17 3007 19 3072 3
68 3037 160 3110 uine
177 3051 359 3138 occeptat
417 3037 499 3122 Ubi
516 3037 694 3136 primum
714 3033 754 3113 se
773 3051 890 3128 urtot,
918 3035 1071 3112 Helles·

17 3165 19 3268 [
68 3185 198 3270 pontus
232 3185 409 3250 vocatur.
485 3173 714 3273 Propontis,
759 3172 833 3274 ubi
870 3167 1067 3272 expandit.

69 3303 135 3380 Ubi
154 3309 301 3384 iterum
327 3303 471 3408 preffit,
506 3307 700 3385 Thracius
720 3311 931 3408 Bosporus.
989 3307 1071 3382 Ubi

68 3437 199 3516 iterum
230 3434 423 3530 effundit,
463 3445 614 3518 Pontus
641 3445 832 3519 Euxinus.
890 3445 977 3548 Qua
1002 3465 1072 3542 pa·

17 3551 19 3652 f
69 3570 144 3652 lodi
160 3577 436 3667 committitur,
456 3577 696 3654 Cimmerius
716 3579 925 3677 Bosporus.
954 3577 1072 3683 Peius
1200 3611 1202 3616 ·

17 3713 18 3774 ἶ
69 3705 155 3810 ipis,
181 3713 363 3789 Maeotis.
429 3715 516 3787 Hoc
537 3712 637 3788 mori
661 3727 701 3786 et
723 3710 884 3788 duobus
908 3711 1110 3786 inclutisss

70 3847 260 3935 tmoibus,
296 3845 421 3922 Tanai
450 3861 570 3947 etque
595 3846 717 3936 Nilo,
760 3847 805 3921 iu
834 3860 913 3922 tres
939 3859 1069 3944 partes

17 3971 18 4008 ³
69 3979 238 4058 universa
259 3979 466 4059 dividitur.
525 3982 667 4058 Tanais
689 3977 1004 4082 useptemtrione
1020 3975 1071 4050 ed

70 4115 265 4198 meridiem
285 4139 475 4219 vergens,
501 4115 547 4194 iu
568 4113 742 4194 medium
765 4113 850 4191 iere
869 4108 1073 4192 Maeotide
1191 4200 1194 4206 ¹
