2856 4926
328 419 492 466 xxxvnr
575 405 639 464 DE
681 403 953 464 ΡΟΜΡΟΝΙΟ
998 407 1133 464 MELA

331 594 498 660 numero,
518 593 649 668 genere
664 586 702 644 et
715 570 797 644 casu
810 565 923 661 effert,
946 589 991 644 nt
1005 579 1189 662 Megaram.
1207 579 1369 656 Pataram.

332 687 374 782 ³¹)
390 697 555 794 Astyrum.
581 688 646 768 effi
663 692 735 766 hoo
755 692 869 768 dubia
888 693 1123 784 auctoritate,
1152 701 1303 768 Tauroin.

320 955 325 964 ·
407 939 452 1008 In
468 933 642 1010 notandis
658 935 752 1010 locis
770 937 971 1035 peregrinis
988 955 1052 1010 aut
1065 935 1240 1027 barbaria,
1264 962 1372 1036 quan·

333 1071 415 1128 tum
432 1057 537 1146 licet,
563 1059 712 1132 adhibet
728 1058 805 1132 sera
825 1058 1101 1132 terminationes
1117 1059 1277 1132 Latinas.
1320 1058 1373 1132 Sia

336 1183 526 1259 Sardabale,
566 1179 743 1281 Rusgadu,
779 1179 956 1282 Barbesula
977 1181 1086 1269 dicit,
1121 1179 1185 1252 etsi
1208 1206 1277 1254 nec
1295 1181 1372 1253 illae

333 1299 497 1398 respuere
520 1301 688 1390 videtur,
724 1303 824 1399 quod
851 1303 995 1375 codices
1021 1302 1187 1376 innuunt
1218 1300 1374 1378 nomini·

334 1419 407 1498 bus
429 1431 545 1507 Iader,
577 1431 650 1494 Suet
673 1441 711 1498 et
732 1425 956 1522 quibusdam
976 1426 1071 1503 aliia.

413 1670 619 1744 Occurrunt
632 1694 742 1765 porro
762 1669 871 1742 verba
887 1669 1085 1766 quaedam,
1110 1663 1377 1764 verborumque
1413 1691 1418 1710 ·

337 1806 376 1862 et
389 1787 530 1864 formae
549 1809 586 1864 et
602 1787 799 1867 structurae
817 1792 1019 1879 notandae,
1044 1791 1086 1862 in
1104 1790 1238 1887 quibus
1262 1789 1306 1877 ³⁹)
1321 1789 1378 1861 Li·

336 1911 445 1985 vium
465 1932 502 1994 et
521 1908 749 2002 Sallustium,
782 1929 826 1988 ut
846 1911 972 2009 passtm
994 1911 1101 1992 alibi.
1135 1912 1301 1984 imitatus
1317 1905 1378 1982 ello

337 2033 504 2121 videtur,
531 2049 639 2128 atque
660 2034 749 2109 hinc
769 2041 928 2116 mortales,
952 2039 1129 2136 tempestas,
1147 2031 1268 2134 ferme.
1294 2059 1379 2121 praa·

339 2159 426 2226 altus
448 2172 597 2256 excepta
618 2153 714 2232 sunt.

418 2399 607 2475 Praeteriti
623 2399 768 2476 tertiam
783 2399 974 2500 personam
994 2401 1147 2502 pluralia
1169 2398 1209 2472 in
1230 2427 1281 2470 err
1296 2397 1381 2470 solat

339 2515 502 2610 flectere,
543 2523 630 2596 aliae
659 2521 861 2612 contrahit,
892 2539 936 2594 ut
958 2525 1006 2611 ⁴⁰)
1023 2527 1233 2600 habitarunt.
1266 2527 1379 2596 Deum,

344 2647 461 2724 duum,
486 2651 655 2726 tricenum.
680 2653 768 2740 quis.
794 2641 951 2746 coguoffe.

418 2893 518 2962 Tum
553 2887 733 2965 ablativos
759 2887 946 2962 absolutae
971 2883 1073 2984 saepe
1096 2883 1222 2981 ponit,
1263 2899 1308 2956 ut
1328 2907 1383 2952 me·

344 3013 417 3092 dio,
450 3016 565 3092 imbre.
597 3020 693 3104 ripis,
725 3017 830 3092 tacere,
864 3009 988 3112 qualia
1014 3005 1178 3108 conlegit
1201 3005 1244 3083 in
1266 3001 1383 3079 indice

385 3393 440 3463 58)
463 3391 532 3454 Vid.
556 3393 592 3450 rrl
613 3395 637 3454 l.
671 3415 699 3459 ι,
734 3402 782 3463 ²8·
814 3408 843 3452 a.
894 3406 971 3448 teret
985 3388 1150 3465 Virgilium
1168 3385 1284 3462 aliquot
1297 3384 1328 3439 in
1345 3379 1385 3435 ln·

346 3496 376 3557 p.
395 3488 465 3547 548.
510 3481 571 3557 lpse
593 3480 712 3555 quidem
727 3477 844 3554 reposui
894 3476 936 3532 eie
954 3473 1054 3532 Italiae
1076 3475 1108 3530 in
1130 3472 1235 3548 primis
1259 3469 1384 3524 imitatus

346 3556 461 3638 Astyra.
485 3563 529 3620 Οἱ.
540 3563 607 3623 adl.
618 3581 645 3627 2,
655 3577 683 3630 3,
695 3579 723 3632 7.
733 3585 762 3640 p.
773 3575 842 3629 223.
894 3560 999 3622 luerit.
1026 3558 1107 3633 quod
1126 3544 1386 3643 puntVoffirtaafl

895 3643 1005 3700 Melum
1022 3660 1050 3708 a,
1065 3652 1094 3711 4,
1110 3661 1138 3718 9.
1155 3639 1281 3698 dubium
1296 3631 1385 3692 exilit·

391 3733 445 3804 59)
470 3731 513 3788 Cf.
524 3731 559 3788 ad
574 3745 603 3800 5,
620 3748 647 3805 9.
663 3731 704 3785 in.
728 3727 845 3784 Desal·
895 3743 1003 3786 matur.

348 3813 435 3872 lustio
456 3815 490 3872 id
512 3833 651 3874 notarunt
669 3814 785 3872 Vossrur
810 3813 845 3867 art
1367 3881 1374 3896 .

349 3899 458 3954 Melam
475 3916 503 3965 a,
515 3911 542 3968 4,
556 3923 582 3956 ι.
605 3903 628 3958 1.
639 3901 770 3957 Gronov.
783 3899 844 3956 MS.
940 3897 994 3966 ao)
1016 3894 1101 3952 Unda
1122 3908 1221 3948 motor
1243 3890 1319 3947 sorte
1338 3885 1388 3944 Vt·

350 3983 386 4040 ad
402 4001 430 4048 2.
449 3985 477 4048 6.
496 3986 523 4041 6.
540 4007 568 4061 p.
579 3979 649 4054 538.
669 3985 795 4040 etCorte
810 3982 847 4038 ad
896 3997 982 4036 uetus
1003 3995 1102 4036 eontra
1126 3977 1241 4034 codiee·
1257 3991 1286 4042 Β,
1309 3987 1337 4044 7·
1364 3975 1389 4034 4·

349 4067 470 4148 talla,
485 4088 513 4150 p.
530 4081 600 4142 5¹0·
617 4069 646 4131 b.
690 4071 738 4129 Au
764 4086 847 4149 prae·
896 4065 996 4146 posuit
1015 4074 1174 4142 occuparat.
