2868 4930
138 419 141 428 ’
196 405 255 466 ua
292 403 406 464 erra
440 399 760 462 orarentur.
803 403 928 468 cru
1036 413 1075 483 ιδ

404 585 440 664 C
469 583 503 660 A
530 582 573 660 P.
628 585 724 660 VII.

220 765 419 882 Africa
471 769 696 878 proprie
752 765 904 845 dicta.

150 992 291 1091 llegio,
319 1011 420 1088 quae
445 983 625 1086 [equitur
647 1009 669 1060 a
691 985 973 1090 promontorio
987 989 1076 1064 Me·
1094 1023 1113 1072 1

82 1128 216 1225 agonio
236 1125 287 1200 ad
305 1149 388 1200 aras
407 1121 716 1216 Philaenorum,
743 1123 907 1222 proprie
930 1147 1081 1200 nomen

81 1259 213 1336 Africae
243 1257 418 1359 usurpat.
482 1260 529 1330 In
554 1279 599 1332 ca
626 1252 718 1332 sunt
742 1257 908 1358 oppida,
942 1259 1079 1361 Hippo

79 1397 228 1494 Regius,
260 1409 300 1470 et
315 1363 528 1479 Rusicade,
556 1404 596 1465 et
613 1390 824 1468 Thabraca.
863 1396 986 1490 ,Dein
1004 1397 1079 1470 tria
1094 1411 1114 1461 Ω

77 1533 347 1628 promontoria,
375 1525 616 1616 Candidum,
641 1525 855 1627 Apollinis,
874 1531 1082 1620 Mercurii,

79 1661 168 1739 rasta
191 1667 364 1766 proiecta
392 1665 438 1738 in
463 1663 607 1750 altum,
647 1660 749 1738 duos
778 1659 944 1762 grandes
976 1661 1083 1740 sinus

80 1797 250 1876 alliciunt.
297 1793 593 1900 Hipponiensem
618 1810 764 1874 vocant
783 1799 1015 1896 proximum
1034 1799 1084 1876 ab

79 1937 251 2035 Hippone
271 1933 512 2033 Diarrhyto,
550 1929 664 2032 quod
684 1932 795 2009 litori
818 1933 904 2010 eius
930 1931 1086 2035 adpuli-

78 2083 155 2145 tum
178 2070 242 2146 est.
300 2073 348 2144 In
369 2069 492 2142 altero
514 2065 607 2143 sunt
631 2063 750 2142 castra
775 2069 927 2158 Laelia,
966 2067 1087 2148 castra

83 2204 274 2294 Cornelia,
311 2201 465 2280 flumen
497 2201 686 2304 Bagrada,
732 2203 852 2280 urbes
887 2206 1003 2282 Utica
1046 2221 1087 2283 et

82 2340 281 2442 Carthago,
317 2338 452 2414 ambae
477 2339 670 2428 inclutae,
708 2339 844 2415 ambae
872 2343 1089 2419 aPhoeni·

78 2472 179 2551 cibus
195 2473 403 2554 conditaet
431 2474 500 2549 illa
517 2471 598 2550 fato
611 2475 774 2551 Catonis
792 2472 966 2576 insignis,
991 2477 1088 2554 baec

79 2603 160 2700 lu03
191 2637 304 2687 nunc
330 2610 475 2712 populi
496 2611 669 2686 Romani
689 2610 865 2698 colonia,
895 2612 995 2686 olim
1014 2614 1091 2686 im·

81 2748 170 2842 perii
195 2749 284 2822 eius
304 2748 483 2846 pertinax
509 2745 683 2835 aemula;
725 2747 804 2820 iam
827 2743 992 2845 quidem
1018 2747 1091 2821 ite-

80 2903 159 2954 rum
192 2878 403 2982 opulenta,
451 2881 571 2954 etiam
601 2905 710 2954 nunc
739 2894 870 2955 tamen
907 2881 1092 2981 priorum

81 3014 223 3091 excidio
242 3041 391 3104 rerum,
418 3039 538 3114 quam
556 3040 633 3116 ope
655 3011 921 3114 praesentium
937 3017 1090 3094 clarior.

81 3149 385 3238 Hadrumetum,
421 3151 576 3250 Leptis,
615 3151 788 3251 Clupea,
828 3150 1094 3243 Macomades,

81 3285 254 3375 Thenae,
288 3286 481 3386 Neapolis
522 3285 617 3360 hinc
646 3285 696 3360 ad
724 3287 874 3386 Syrtim
904 3285 1093 3377 adiacent,

80 3435 121 3493 ut
141 3422 249 3496 inter
272 3420 466 3522 ignobilia
493 3421 779 3496 celeberrimae.
837 3423 963 3522 Syrtis
986 3419 1129 3523 finua3

81 3551 129 3628 est
163 3571 328 3632 centum
358 3554 442 3632 fere
470 3556 597 3632 millia
634 3553 835 3659 pulsuum,
881 3578 961 3655 qua
988 3583 1097 3634 mare

81 3692 236 3792 accipit,
262 3705 418 3792 paten03
457 3707 644 3782 trecenta,
673 3718 751 3792 qua
768 3693 911 3792 cingit:
952 3717 1098 3770 verum

79 3824 349 3926 importuosus
372 3843 490 3926 atque
504 3843 628 3918 atrox,
653 3843 693 3903 et
717 3827 769 3904 ob
794 3825 993 3905 vadorum
1018 3825 1099 3904 ire·

78 3964 288 4058 quentium
309 3963 466 4051 brevia,
494 3965 697 4063 magisque
721 3965 839 4038 etiam
859 3961 911 4038 ob
928 3961 1099 4052 alternos

78 4111 208 4175 motus
234 4097 364 4200 pelagi
380 4095 591 4175 adfluentia
620 4122 663 4174 ac
687 4095 893 4175 refluentia
921 4091 1099 4220 infestus.
