2816 4920
312 411 372 454 reo
599 392 857 455 romoalt
897 395 1064 458 natan

309 579 349 642 et
368 563 499 644 multo
518 565 643 668 magis
663 565 781 668 longa
802 569 932 645 latera.
987 569 1067 646 Init
1090 568 1249 672 penitus
1267 569 1327 645 in·

308 695 558 802 neriusque,
587 699 686 778 dum
705 705 933 810 Aegyptum
949 730 1074 808 paene
1091 721 1131 780 et
1151 721 1328 783 montem

308 835 474 914 Arabiae
490 835 650 915 Callum
667 837 855 940 adtingit,
884 840 1061 942 quodam
1082 835 1237 942 suffigio
1255 842 1329 916 mi·

307 997 387 1080 nus
409 973 610 1050 eominus
638 972 761 1064 latus,
795 989 852 1063 et,
883 1001 967 1076 quo
991 979 1117 1077 magis
1139 989 1331 1079 penetrat,

271 1105 521 1210 4angullior.
578 1108 640 1183 Ab
664 1108 749 1200 his,
782 1135 883 1210 quae
907 1111 1098 1202 diximus,
1126 1109 1178 1186 ad
1200 1107 1332 1186 finum

307 1240 506 1320 Perficum
537 1239 637 1345 (nili
665 1243 736 1320 ubi
761 1245 1066 1348 Chelonophagi
1095 1246 1332 1343 morantur)

308 1376 457 1456 deserta
483 1375 586 1454 sunt.
651 1381 697 1454 In
720 1377 807 1482 ipso
833 1382 1032 1460 Carmanii
1055 1382 1333 1480 navigantium

305 1514 443 1593 'dextra
463 1511 601 1616 politi,
630 1513 711 1590 line
730 1515 838 1591 veste
858 1543 901 1591 ac
921 1515 1068 1618 fruge,
1085 1513 1165 1592 fine
1187 1536 1332 1615 pecore

308 1677 352 1730 aa
384 1649 565 1742 sedibus,
611 1649 781 1751 piscium
814 1667 905 1728 cute
942 1650 983 1727 se
1019 1653 1172 1741 velant,
1212 1671 1331 1723 carne

308 1786 541 1878 vescuntur,
565 1801 719 1888 praeter
738 1787 861 1888 capita
882 1801 973 1865 toto'
987 1811 1153 1888 corpore
1173 1781 1330 1860 hirsuti.

306 1925 499 2002 Interiora
536 1920 733 2010 cedrosti,
777 1907 924 1998 dehinc
962 1921 1096 1998 Persae
1139 1920 1329 1998 habitant.

307 2058 416 2134 Sabis
435 2081 509 2159 per
527 2059 776 2146 Carmanios,
809 2056 927 2158 supra
947 2058 1122 2134 Andanis
1145 2072 1184 2134 et
1200 2057 1332 2133 Coros

268 2189 493 2280 seffluunt
551 2195 597 2266 ln
620 2206 749 2292 parte,
779 2219 881 2293 quae
903 2193 1032 2296 pelagi
1050 2190 1150 2269 ostio
1166 2188 1331 2266 adversa

306 2323 383 2418 est,
436 2325 754 2427 Babyloniorum
799 2321 898 2406 fines
953 2327 1331 2425 Chaldaeorumque

304 2460 417 2552 lunt,
451 2477 491 2536 et
512 2459 597 2540 duo
618 2461 713 2537 clari
732 2485 885 2552 amnes,
914 2464 1046 2564 Tigris
1066 2461 1214 2540 Perfidi
1235 2486 1331 2563 pro-

304 2598 415 2700 pior,
445 2593 613 2674 ulterior
631 2596 862 2697 Euphrates.
907 2600 1039 2700 Tigris
1058 2613 1102 2674 ut
1118 2610 1237 2674 natus
1259 2594 1337 2686 est,

304 2739 359 2810 ita
384 2731 623 2810 descendens
642 2733 839 2832 usquein
866 2733 984 2810 litora
1008 2747 1205 2834 permeata
1245 2737 1329 2808 Eu·

214 2943 219 2954 ,
304 2870 481 2972 phrates,
506 2869 673 2944 immani
691 2891 760 2942 ore
773 2881 930 2969 aperto,
959 2894 1044 2946 non
1062 2871 1141 2944 exit
1159 2882 1329 2957 tantum,

185 3073 186 3076 ,
305 3003 416 3080 unde
437 3007 586 3092 oritur,
610 3001 678 3080 l'ed
695 3018 734 3078 et
750 3002 855 3079 vaste
873 3027 1036 3103 quoque
1053 2976 1220 3095 (lecidit3
1250 3027 1328 3078 nec

304 3137 406 3216 lecat
445 3138 640 3217 continuo
682 3163 816 3239 agros,
858 3136 929 3214 sed
960 3141 1037 3215 late
1074 3135 1243 3218 diffusus
1280 3139 1329 3214 in

304 3271 455 3374 stagna,
501 3273 575 3349 diu
604 3270 832 3350 sedentibus
865 3274 977 3375 aquis
1008 3276 1141 3376 piger,
1176 3289 1218 3348 et
1243 3273 1327 3351 fine

305 3410 421 3485 alveo
462 3409 642 3510 patulus,
679 3406 794 3509 post,
839 3410 913 3486 ubi
946 3413 1167 3511 marginem
1199 3410 1327 3511 rupit,

303 3568 398 3620 vere
428 3541 600 3631 fluvius,
645 3545 891 3644 acceptisque
916 3545 1013 3647 ripis
1045 3547 1150 3622 celer
1178 3561 1218 3622 et
1245 3543 1327 3620 ire·

304 3703 434 3768 mens,
471 3703 545 3778 per
568 3679 777 3756 Armenios
802 3695 841 3755 et
868 3680 1118 3782 Cappadocas
1141 3680 1327 3758 occiden-

303 3830 384 3890 tem
405 3813 525 3914 petit3
564 3813 610 3888 ni
624 3818 782 3894 Taurus
804 3812 948 3905 obstet,
974 3817 1019 3891 in
1035 3814 1181 3892 Nostra
1201 3818 1342 3894 marie·

303 3964 509 4028 venturus.
578 3947 756 4024 Indead
795 3950 1005 4038 meridiem
1032 3953 1242 4044 avertitur,
1284 3968 1327 4030 et

303 4087 482 4187 primum
513 4085 658 4188 Syros,
700 4100 789 4168 tum
815 4085 959 4166 Arabas
990 4084 1203 4191 ingreffus,
1238 4112 1326 4166 nou
