2868 4930
356 413 386 504 Ισ
643 411 900 478 conicum
942 412 1111 478 unuin

361 583 578 692 ropamiiii,
599 589 733 666 Dahae
749 585 869 692 super
884 587 1049 690 Scythae
1066 583 1361 687 Scytharumque

362 721 522 802 deuna
579 725 631 802 At
655 720 775 826 super
809 721 997 826 Caspium
1026 719 1152 798 finum
1180 716 1362 803 Chomari,

361 855 613 962 Massagetae,
643 857 823 949 Caduiii,
853 859 1048 960 Hyrcani,
1077 857 1215 934 Iberi·
1250 855 1362 951 Super

361 997 581 1076 Amazonas
608 1009 649 1072 et
680 995 964 1097 Hyperboreos
995 991 1221 1078 Cimmerii,
1263 983 1363 1084 Zygi,

362 1129 611 1220 Heniochae,
641 1130 848 1231 Gorgippi,
875 1127 1046 1220 Moschi,
1075 1131 1263 1212 Cercetae,
1293 1124 1363 1195 To·

206 1312 209 1320 ,
361 1282 481 1356 retae,
510 1263 752 1366 Arimphaei,
789 1279 921 1366 atque,
948 1266 1021 1342 ubi
1044 1267 1090 1342 in
1109 1258 1236 1341 nostra
1256 1255 1362 1332 maria

361 1415 508 1478 nactur
528 1397 693 1488 excedit,
723 1401 903 1490 Matiani,
932 1401 1132 1489 Tibareni,
1161 1411 1199 1473 et
1223 1391 1363 1468 notiora

361 1537 443 1612 inm
456 1537 635 1628 nomina,
649 1533 777 1625 Medi,
788 1535 979 1625 Armenii,
989 1529 1364 1634 Commageni,Mur·

360 1675 462 1764 rani,
488 1673 642 1762 Veneti,
664 1667 928 1773 Cappadoces,
948 1669 1203 1772 Gallograeci,
1230 1670 1364 1763 Lycao·

361 1833 451 1898 nes,
469 1805 684 1910 Phryges,
711 1801 878 1896 Piidae,
905 1803 1049 1896 Uenti,
1078 1803 1198 1907 Lydi,
1225 1791 1364 1900 Syroci·

319 1942 345 2014 6
362 1943 468 2021 lices.
515 1938 669 2020 Rursus
686 1965 734 2016 ex
751 1939 828 2029 hie,
857 1965 960 2042 quae
975 1940 1186 2018 meridiem
1201 1933 1364 2036 spectant.

360 2076 525 2156 eaedem
548 2090 684 2178 gentes
705 2075 935 2152 interioraa
957 2075 1076 2153 litore
1101 2085 1234 2152 tenent
1253 2083 1364 2162 usque

361 2211 414 2291 ad
436 2211 568 2290 finum
587 2208 796 2290 Perficum.
853 2213 983 2312 Super
1005 2209 1118 2288 hunc
1142 2209 1231 2286 sunt
1250 2193 1367 2278 Parthi

255 2401 258 2406 ·
360 2363 403 2426 et
419 2343 583 2450 Aiiyuii:
619 2342 739 2448 super
759 2345 880 2423 illum
895 2347 1065 2423 alterum
1086 2336 1310 2445 Babylonii,
1334 2341 1367 2404 et

361 2479 482 2588 super
510 2479 726 2583 Aethiopas
750 2482 948 2582 Aegyptii.
1006 2483 1123 2583 Ripis
1149 2479 1237 2556 Nili
1258 2465 1367 2548 amnis

360 2633 403 2698 at
437 2617 539 2695 mari
569 2615 751 2718 proxima
786 2613 914 2690 iidem
952 2619 1144 2720 Aegyptii
1183 2605 1366 2717 poffidenc

361 2750 523 2833 Deinde
544 2750 687 2830 Arabia
708 2747 871 2852 angusta
890 2748 1024 2830 irorute
1046 2749 1248 2854 sequentia
1267 2744 1369 2818 litora

360 2886 542 2989 adtingit.
588 2887 710 2966 Abeo
725 2909 855 2985 usque
872 2884 923 2962 ad
938 2884 1088 2964 flexum
1103 2887 1236 2971 iilum,
1262 2891 1369 2978 quem

362 3020 481 3125 supra
506 3023 730 3110 retulimus,
759 3021 894 3122 Syria,
936 3035 976 3097 et
999 3021 1151 3123 inipso
1172 3016 1287 3101 flexu,
1312 3007 1371 3086 Ci-

362 3155 475 3231 licia:
501 3170 612 3274 extra
630 3169 776 3244 autem,
796 3155 921 3256 Lycia
938 3170 977 3231 et
992 3155 1240 3258 Pamphylia,
1260 3143 1373 3232 cnm,

361 3290 489 3380 Ionia,
517 3289 665 3379 Aeolis,
695 3293 819 3366 Troae
843 3313 972 3389 usque
995 3289 1046 3366 ad
1066 3291 1369 3390 Hellespontum·

362 3425 426 3503 Ab
450 3449 500 3504 eo
520 3425 688 3526 Bithyni
715 3420 883 3500 suntad
907 3423 1125 3504 Thracium
1149 3428 1371 3524 Bosporum.

354 3551 479 3640 'Circa
508 3563 683 3638 Pontum
717 3559 888 3660 aliquot·
906 3559 1072 3661 populi,
1116 3561 1195 3637 alio
1225 3556 1372 3653 alioque

240 3677 244 3686 ’
363 3691 462 3784 fine,
497 3719 585 3772 uno
606 3717 745 3772 onmes
760 3695 924 3772 nomine
944 3695 1109 3772 Pontici.
1157 3694 1222 3773 Ad
1242 3694 1384 3774 lacum

362 3829 576 3912 Maeotici:
618 3827 669 3908 ad
688 3831 853 3926 Tanain,
885 3833 1146 3915 Sauromatae.
