2868 4930
318 395 402 450 xcix
560 383 625 442 DE
666 379 937 440 ΡΟΜΡΟΝῙΟ
980 381 1114 443 stou

315 577 376 626 sn.
395 551 502 640 1716.
520 573 555 646 p.
572 571 656 621 coo.
709 548 1000 623 commentarius
1029 549 1151 646 ampla
1176 563 1215 624 et
1241 545 1350 648 frugi·

312 671 390 746 ferr
421 668 628 746 eruditione
652 667 806 742 refertus
828 663 895 756 eit,
934 687 972 742 et
996 669 1043 742 td
1071 669 1349 770 intelligentiam

311 794 436 868 Melae
457 808 496 866 et
519 789 797 889 geographicarn
830 790 1037 862 doctrinam
1063 793 1181 864 mults
1213 793 1349 868 utiliter

309 913 465 1002 confert,
487 929 525 983 rt
540 910 640 984 idem
656 911 845 984 luxuriose
864 911 964 1008 saepe
984 929 1167 1008 evagatur,
1186 930 1223 986 et
1238 911 1348 986 mari·

276 1058 283 1088 t
308 1060 370 1110 me
385 1036 503 1107 aliena
520 1057 540 1104 a
556 1057 596 1105 re
615 1031 811 1122 immiscet,
836 1033 914 1131 pias
929 1033 1201 1122 meditationes,
1229 1032 1348 1131 purio-

307 1158 367 1232 uis
385 1153 575 1228 doctrinae
589 1155 941 1244 commendationes,
967 1153 1163 1227 doctorum
1182 1155 1346 1227 virorum

306 1279 446 1376 elogia,
472 1276 802 1350 commentationes
827 1273 1044 1372 prolixiores
1066 1275 1112 1348 tie
1136 1274 1288 1348 somniis
1309 1289 1345 1346 et

305 1398 488 1474 fimilibus
503 1397 646 1492 aliaque
664 1397 788 1493 plura,
824 1413 866 1468 ut
884 1395 1020 1494 garrire
1034 1395 1204 1468 lubenter
1225 1396 1343 1468 mnus

304 1521 494 1596 Vadisnus
516 1517 696 1591 videatur.
747 1518 806 1590 Sic
825 1519 872 1590 sd
897 1517 962 1590 lib.
983 1539 1016 1605 5.
1041 1541 1115 1613 esp.
1135 1539 1168 1606 5.
1193 1518 1241 1589 de
1261 1524 1344 1590 Ger·

249 1621 257 1632 ⁸
302 1645 444 1732 manis,
488 1639 613 1712 hslsce
645 1638 742 1732 (its)
769 1637 872 1710 [alito
908 1639 1021 1712 crudo
1055 1663 1144 1712 cum
1177 1655 1278 1711 aceto
1306 1653 1342 1710 et

302 1791 388 1864 cepe
416 1765 507 1851 (its)
536 1761 634 1834 nihil
654 1761 714 1832 vel
738 1759 801 1832 luo
824 1755 1008 1834 stomacho
1032 1759 1098 1834 elle
1119 1758 1260 1858 gratius
1282 1756 1342 1831 rd-

300 1887 443 1972 firmat,
473 1881 538 1979 qui
558 1880 678 1979 ipsum
698 1877 967 1981 elegantillimis
990 1881 1175 1956 conviviis
1195 1903 1341 1976 excepe-

300 2008 395 2092 rint,
421 2003 467 2076 ad
483 2026 517 2091 5,
535 2005 568 2074 6.
586 2019 716 2072 narrat
768 2002 897 2074 Insunt
920 2019 1044 2074 tamen
1062 2003 1221 2100 plurima
1242 2002 1340 2075 bour

300 2144 339 2199 et
366 2125 493 2220 inique
521 2121 732 2219 duriterque
766 2122 942 2196 iudicavit
969 2121 1112 2196 Vosfios
1137 2121 1177 2194 in
1202 2121 1339 2220 praefa-

298 2247 403 2319 tione
422 2245 469 2316 ad
493 2245 653 2331 Melam,
693 2242 772 2316 eius
797 2242 1053 2316 adnotationes
1072 2268 1135 2316 rus
1156 2261 1192 2316 et
1209 2240 1337 2316 stivam

297 2369 413 2454 olere,
441 2389 516 2462 quo
532 2365 687 2437 nornine
700 2361 863 2436 Vollrum
878 2383 1054 2437 notarunt
1071 2364 1280 2438 Morholius
1295 2365 1335 2437 in
1382 2418 1384 2422 -

295 2482 471 2580 Polyhill.
490 2492 528 2559 P.
549 2511 580 2560 1.
598 2487 663 2558 lib.
688 2511 716 2572 r,
732 2509 792 2573 rs,
813 2489 869 2558 16.
903 2486 969 2582 qui
989 2482 1160 2558 rusticum
1181 2485 1221 2558 id
1242 2485 1336 2559 iurii-

293 2608 395 2682 cium
415 2625 540 2695 vocat,
568 2623 606 2678 et
624 2608 741 2680 Denis
764 2607 806 2680 in
828 2607 958 2678 Wiens
982 2605 1335 2682 sauromates-oo·

293 2729 450 2804 [chichte
469 2753 505 2826 p.
523 2747 605 2816 137.
657 2727 766 2824 Quod
791 2728 923 2799 titulus
956 2725 1156 2822 praedicat,
1189 2725 1333 2827 castiga·

292 2851 413 2925 tiones
437 2851 479 2922 in
511 2849 641 2921 multis
662 2849 756 2922 locis
781 2849 895 2922 factas
921 2845 987 2920 elle
1009 2849 1205 2939 auctiores,
1237 2869 1332 2924 recte

290 2973 403 3044 habet
421 2969 578 3066 ususque
592 2963 712 3042 docet.
744 2975 789 3041 In
810 2994 883 3066 quo
899 2968 1068 3040 adiutum
1080 2968 1116 3041 se
1130 2969 1233 3043 fuille
1249 2972 1332 3046 scri·

289 3091 409 3166 bitin
430 3088 604 3187 adloquio
623 3088 669 3160 ad
689 3090 864 3163 lectorem
884 3115 964 3188 pag.
985 3113 1069 3162 scr.
1088 3116 1165 3162 non
1187 3097 1329 3189 privata

290 3211 410 3284 solum
425 3208 626 3307 diligentia,
650 3209 710 3282 sed
723 3229 761 3282 et
775 3210 815 3282 in
832 3211 960 3307 primis
976 3212 1190 3309 exentplaris
1208 3211 1330 3310 scripti

289 3329 379 3418 title,
405 3329 509 3402 cuius
531 3327 599 3401 libi
620 3355 666 3402 ex
685 3331 850 3404 Andreae
869 3333 1034 3421 Stiborii,
1064 3335 1329 3424 Mathematici,

287 3452 435 3526 libraria
455 3441 677 3546 supellectile
698 3451 842 3547 copiam
864 3451 989 3526 fecerit
1011 3453 1188 3551 Georgius
1216 3451 1340 3528 Colli·‘

286 3571 434 3658 mitius,
468 3573 513 3664 ¹⁴)
534 3571 685 3644 Stiborii
706 3572 801 3644 olim
826 3572 1034 3670 discipulus.
1085 3574 1195 3672 Quod
1223 3577 1327 3650 enim

287 3693 334 3766 sd
352 3715 386 3780 3,
407 3715 442 3786 9,
459 3711 493 3778 a.
515 3691 657 3764 codices
678 3712 961 3784 commemorat,
987 3717 1082 3792 quos
1094 3695 1247 3783 viderit,
1277 3721 1327 3770 au

284 3811 426 3891 fuerim
438 3809 570 3908 scripti,
591 3812 773 3890 incertum
786 3811 846 3890 cil.
880 3816 1022 3913 Quibus
1042 3833 1164 3888 tumen
1176 3815 1217 3889 iu
1231 3817 1325 3893 locis

329 4079 384 4154 14)
406 4077 455 4136 ste
474 4077 674 4156 reponendum
697 4079 737 4138 est
755 4079 788 4140 iu
802 4079 938 4141 Ftbricio
954 4079 1080 4138 Erneffii
1097 4099 1127 4158 p.
1146 4091 1198 4154 78.
1252 4169 1256 4184 Ι
