2868 4930
344 413 370 486 ⁴
621 395 882 461 vonronn
921 391 1087 458 unuin

346 569 510 652 defluit:
546 594 595 647 ex
621 569 780 648 diverso
799 569 924 651 Nilus
944 571 994 657 in
1010 567 1181 668 pelagus.
1240 564 1364 672 Quod

346 726 540 786 terrarum
560 708 661 782 iacet
676 703 815 782 efreto
835 703 887 780 ad
902 729 947 780 eu
960 701 1140 791 flumina,
1167 697 1215 776 ab
1238 703 1362 779 alteru

345 845 465 920 lutere
482 839 654 919 Africum
670 865 878 932 vammum
916 839 966 914 ab
989 838 1125 924 altero,
1152 837 1364 936 Europen:

346 975 419 1073 [ed
439 977 606 1064 Nilum,
641 972 833 1066 Afficem3
875 971 924 1048 ed
947 972 1113 1062 Tanain,
1140 971 1362 1072 Europen]

325 1113 458 1192 ‘Ultra
476 1109 677 1214 quidquid
697 1107 772 1199 est,
803 1106 891 1186 Afie
912 1105 977 1186 eii.

715 1427 811 1506 CA
841 1431 882 1503 P.
939 1429 994 1512 ΙΙ.

500 1597 676 1673 Brevis
719 1586 882 1705 Asiae
927 1586 1208 1705 descriptio.
1317 1665 1321 1672 .

305 1819 324 1870 1
427 1796 576 1874 Tribus
590 1795 692 1870 hanc
710 1817 732 1868 e
755 1793 933 1894 pertibus
949 1791 1073 1892 tangit
1090 1763 1280 1878 Oceanus,
1305 1788 1362 1864 ite

342 1930 590 2017 nominibus,
611 1943 656 2002 ut
670 1928 768 2004 locis
783 1923 979 2003 differens,
1009 1931 1115 2002 Eone
1130 1926 1177 2001 ab
1192 1911 1360 2014 oriente,

213 2169 216 2174 Ι
342 2089 366 2138 a
385 2062 553 2139 meridie
581 2059 763 2151 Indicus,
792 2060 1115 2164 eseptemtrione
1139 2059 1359 2160 Scythicus.

341 2193 426 2297 Ipsa
449 2197 603 2296 ingenti
619 2219 662 2268 ac
682 2213 872 2296 perpetua
887 2195 1020 2272 fronte
1035 2191 1144 2270 versa
1160 2191 1211 2268 ad
1228 2195 1362 2270 orien-

341 2345 443 2418 tem,
483 2344 636 2406 tantum
665 2331 724 2406 ibi
751 2327 790 2406 se
821 2332 866 2406 in
891 2328 1144 2406 latitudinem
1175 2323 1360 2416 effundit,

341 2480 538 2564 quantum
570 2469 732 2567 Europe
769 2480 811 2539 et
839 2463 988 2554 Mune,
1036 2480 1076 2539 et
1110 2461 1221 2564 quod
1255 2463 1362 2538 inter

341 2599 473 2676 ambas
498 2601 661 2700 pelagus
683 2588 900 2676 immiiiuni
925 2597 990 2676 est.
1047 2595 1145 2673 Inde
1169 2619 1263 2672 cum
1286 2596 1362 2670 ali·

341 2718 536 2836 qautenus
549 2731 673 2810 solida
688 2731 875 2836 proceffit,
895 2759 943 2808 ex
958 2735 1031 2811 illo
1048 2737 1216 2820 Oceano,
1236 2753 1360 2830 quem

338 2867 525 2946 Indicum
550 2867 744 2958 diximus,
787 2869 999 2944 Arabicum
1032 2891 1139 2943 mare
1166 2880 1206 2940 et
1235 2862 1362 2939 Perfi-

340 3029 452 3093 eum,
491 3028 539 3076 ex
561 3003 746 3102 Scythico
773 3000 960 3103 Caspium
984 3001 1143 3102 recipit:
1188 3015 1229 3073 et
1249 2992 1367 3087 idem*

338 3161 417 3237 qua
439 3137 581 3235 recipit
602 3134 820 3236 angustior,
860 3133 994 3212 rursus
1023 3132 1281 3236 expanditur,
1316 3147 1359 3207 et

338 3267 385 3346 fit
399 3285 476 3345 tem
493 3271 582 3359 lata,
595 3242 725 3368 *quam
742 3268 880 3346 fuerat.
922 3269 1081 3346 Deinde
1102 3293 1194 3344 cum
1211 3270 1289 3342 iam
1309 3265 1359 3342 in

337 3402 456 3480 suum
475 3402 596 3480 finem
613 3405 859 3504 aliarumque
876 3420 1068 3480 terrarum
1092 3398 1263 3478 confinia
1286 3397 1357 3474 de·

338 3543 469 3628 venit,
516 3537 649 3614 media
681 3536 824 3615 nostris
866 3538 1106 3637 aequoribus
1138 3537 1355 3636 excipitur3

240 3756 245 3766 ,
326 3675 490 3774 reliqua
512 3673 634 3746 altero
659 3649 785 3749 eornu
805 3675 934 3774 pergit
957 3671 1008 3748 nd
1029 3671 1194 3758 Nilum,
1229 3669 1356 3745 altero

301 3803 388 3885 uad
408 3807 571 3884 Tanain.
633 3809 712 3880 Ora
736 3809 821 3884 eius
850 3831 943 3882 cum
968 3807 1081 3881 alveo
1110 3805 1198 3880 Nili
1228 3803 1357 3880 amnis

336 3943 434 4041 ripis
451 3938 654 4016 descendit
670 3942 715 4016 in
734 3943 916 4042 pelagus,
945 3955 984 4014 et
1006 3939 1098 4029 diu,
1130 3936 1228 4014 ficut
1247 3935 1357 4012 illud

336 4075 505 4168 inpedit,
544 4074 615 4167 ,iu'
629 4049 697 4167 sua
716 4067 851 4154 'litora
889 4073 1079 4175 porrigit;
1135 4071 1280 4146 deinde
1309 4067 1358 4146 fit
