2816 4920
287 477 292 494 ,
345 411 388 498 9⁶
622 415 883 476 aonronrr
925 415 1092 476 narra

342 586 462 666 rebus
481 587 530 686 in¹
544 583 760 665 solitudine
778 588 925 664 relictis
947 587 1083 666 absens
1105 587 1271 691 peragit,
1294 611 1359 666 no·

308 719 539 800 utillimum.
609 719 722 797 India
757 747 842 799 non
881 727 967 799 Eoo
1000 737 1163 799 tantum
1201 721 1359 824 adposita

340 858 505 958 pelago,
532 854 655 932 sedet
674 858 731 947 ei,
760 857 874 956 quod
890 858 941 934 ad
961 856 1177 933 meridiem
1198 856 1360 960 spectans

339 989 526 1068 Indicum
557 991 754 1080 diximus,
793 1007 832 1066 et
859 992 957 1068 hinc
992 995 1122 1068 Tauri
1158 993 1283 1094 iugis,
1319 992 1359 1064 ab

340 1126 545 1204 occidente
567 1123 669 1203 indo
692 1123 825 1216 finita,
863 1143 1018 1203 tantum
1041 1123 1220 1228 spatium
1243 1124 1361 1203 litoris

312 1345 315 1353 ,
339 1278 519 1362 occupat,
544 1274 741 1362 quantum
750 1258 1093 1362 perquadraginta
1112 1261 1201 1339 dies
1219 1275 1365 1336 noctes.

235 1415 242 1428 ‘
338 1421 419 1496 que
446 1394 736 1472 velificantibus
766 1393 902 1472 cursus
931 1392 1005 1486 est;
1054 1397 1113 1472 ita
1142 1395 1359 1472 multumt

336 1529 480 1608 nostris
497 1531 664 1608 abducta
687 1531 939 1631 regionibus,
968 1547 1016 1606 ut
1031 1531 1078 1606 in
1105 1531 1243 1632 aliqua
1260 1545 1360 1630 parte

336 1671 424 1744 eius
461 1682 604 1742 neuter
639 1663 868 1768 septemtrio
906 1665 1109 1766 adpareat,
1160 1666 1358 1761 aliterque,

335 1827 457 1902 quam
474 1803 517 1876 in
534 1803 621 1878 aliis
638 1803 731 1892 oris,
749 1801 913 1878 umbrae
929 1826 1066 1876 rerum
1082 1800 1136 1877 ad
1153 1797 1355 1875 meridiem

334 1937 497 2012 iaceant.
564 1937 751 2014 Ceterum
785 1934 947 2025 fertilis,
988 1951 1027 2010 et
1061 1937 1181 2012 vario
1220 1951 1354 2034 genere

333 2069 548 2148 hominum
573 2071 823 2170 aliorumque
848 2071 1080 2147 animalium
1099 2070 1233 2162 scatet.
1282 2063 1355 2142 Alit

331 2201 517 2282 fonnicas
552 2230 637 2280 non
662 2205 795 2280 minus
820 2207 1009 2282 maximas
1035 2207 1224 2295 canibus;
1266 2221 1353 2300 quas

330 2363 445 2415 mora
489 2338 751 2439 Grypltorum
794 2363 939 2414 aurum
975 2343 1139 2440 penitus
1185 2334 1350 2438 egestum

332 2498 427 2550 cum
452 2471 604 2550 summa
632 2473 808 2574 pernicie
838 2471 1133 2572 adtingentium
1158 2468 1350 2550 custodire

331 2625 668 2686 commemorant:
709 2608 899 2682 immanes
925 2623 964 2682 et
984 2605 1202 2710 serpentes,
1232 2599 1348 2703 aliqui

312 2759 378 2830 ,ut
410 2744 641 2846 elephantos
677 2740 813 2820 morsu
840 2757 959 2842 atque
989 2744 1142 2820 ambitu
1178 2737 1347 2841 corporis

329 2877 524 2956 adliciant.
582 2885 682 2955 Tam
704 2880 867 2980 pinguis
890 2878 1038 2953 alicubi
1059 2894 1100 2952 et
1119 2895 1201 2953 tam
1216 2869 1347 2950 feracis

313 3011 423 3103 soti,
450 3031 497 3090 ut
515 3017 558 3090 in
578 3039 627 3089 eo
648 3014 766 3108 niella
784 3011 1004 3090 frondibus·
1016 3009 1216 3101 defluant,
1246 3009 1345 3083 lanas

240 3223 243 3232 ,
325 3145 446 3224 silvae
466 3148 605 3238 ferant,
634 3147 880 3223 arundinum
899 3142 978 3221 fissa
999 3147 1239 3235 internodia,
1268 3137 1344 3214 vel·

326 3281 389 3358 uti
416 3283 553 3371 navia,
593 3283 729 3372 binos,
768 3298 808 3356 et
840 3280 1034 3382 quaedam
1063 3297 1199 3360 ternos
1231 3277 1344 3354 etiam

292 3416 485 3509 gvehant.
535 3417 752 3493 Cultorum
772 3417 928 3492 habitus
949 3440 1162 3513 moresque
1182 3407 1343 3491 disfimi·

325 3552 394 3633 les.
437 3553 541 3627 Lino
560 3547 882 3638 alii'vestiuntur,
908 3567 977 3626 aut
994 3551 1106 3640 lanis,
1134 3577 1231 3652 quas
1246 3543 1340 3622 dixi·

324 3711 437 3779 mus;
476 3687 544 3761 alii
569 3687 705 3762 avium
727 3683 984 3787 ferarumque
1014 3687 1212 3786 pellibus:
1258 3695 1342 3781 pars

323 3824 427 3902 nudi
444 3835 588 3924 agunt3
617 3845 705 3919 pars
721 3835 876 3896 tantum
894 3817 1086 3895 obseoena
1102 3821 1242 3895 velati:
1276 3806 1340 3887 alii

323 3959 498 4040 humiles
518 3957 731 4058 parvique5
768 3956 837 4029 alii
862 3957 916 4030 ita
937 3957 1094 4056 proceri
1114 3970 1154 4030 et
1178 3963 1336 4053 corpore

324 4094 515 4195 ingentes,
544 4103 592 4166 ut
613 4089 832 4191 elephantis
853 4091 985 4181 etiam,
1013 4107 1053 4166 et
1072 4091 1132 4166 ibi
1151 4081 1335 4166 maximis,
