2856 4926
263 441 351 490 cxrt
511 427 585 485 DE·
617 424 888 486 eontaottto
933 427 1073 488 tante

208 583 210 588 ¹
261 609 299 696 p.
317 615 403 690 259.
439 597 489 668 At
505 588 647 667 Ernesti
661 595 929 684 narrationem,
953 617 1033 668 non
1048 593 1163 692 ipsam
1182 595 1315 672 editio-

261 743 351 792 nem
384 734 468 789 ante
499 717 628 790 oculos
660 715 821 788 babuisse
850 717 1007 790 videtur.
1068 723 1239 791 Ceterum
1263 721 1312 792 de

260 842 343 914 eius
363 833 554 928 vetustate,
588 862 699 936 quam
718 834 860 912 Ernesti
879 839 1082 937 praedicat,
1110 839 1312 916 dubitatio·

261 987 351 1038 netu
366 943 486 1036 mouit
508 959 539 1050 ²)
556 959 747 1060 Periergua
762 959 1015 1057 Deltophilua,
1038 962 1159 1058 quiin
1176 963 1312 1037 biblio·

261 1087 365 1159 theca
387 1089 447 1157 Gr.
468 1099 506 1156 et
525 1088 606 1154 Lat.
629 1120 678 1140 -
716 1084 879 1156 Berolini
904 1103 1011 1175 1734.
1031 1104 1065 1170 a.
1088 1111 1125 1183 p.
1141 1109 1199 1176 71.
1223 1088 1312 1160 haec

260 1205 403 1283 scribit:
454 1203 685 1302 „Pomponii
710 1209 833 1278 Melae
855 1205 1154 1304 cosmographia,
1172 1208 1310 1281 ·editio

260 1327 432 1428 primaria
454 1326 623 1426 princeps
646 1343 681 1418 4.
702 1327 910 1402 Mediolani
931 1345 1040 1420 1471.
1083 1331 1220 1426 Opinio
1245 1339 1311 1405 Er·

259 1449 353 1526 nelli
373 1451 419 1524 de
440 1447 603 1522 editione
628 1447 787 1546 quadam
807 1465 929 1523 vetere
949 1451 989 1524 in
1009 1451 1231 1524 bibliotheca
1250 1457 1312 1524 Se·

258 1592 369 1650 nanta
391 1569 583 1668 Lipsienfia
606 1572 674 1644 hac
695 1567 816 1643 forsan
844 1571 1061 1670 antiquiori,
1092 1599 1178 1646 cum
1201 1575 1309 1648 nullo

259 1697 506 1771 fundamento
528 1694 686 1782 nitatur,
722 1717 790 1788 pro
816 1717 915 1766 mera
945 1694 1152 1768 coniectura
1176 1691 1225 1768 est
1246 1698 1311 1768 ha·

258 1819 425 1893 benda.“
475 1815 671 1913 Equidem,
697 1839 791 1912 quae
810 1815 891 1889 vidi
917 1832 953 1887 et
975 1817 1154 1914 cognovi,
1184 1817 1309 1907 retuli,

258 1942 367 2015 litem
390 1938 574 2025 dirimere,
608 1939 669 2009 vel
702 1939 780 2009 eius
806 1935 950 2008 causam
977 1936 1129 2010 delinire
1153 1964 1309 2036 nequeo.

260 2059 455 2138 Perizonio
476 2059 516 2131 in
539 2059 637 2132 notia
660 2054 710 2130 est
736 2057 877 2152 optima
904 2081 1090 2152 anonyma
1105 2060 1150 2130 ad
1170 2083 1201 2148 1,
1220 2064 1253 2148 6,
1273 2084 1308 2132 a.

260 2203 298 2258 et
318 2184 424 2270 alibi,
457 2178 521 2254 etst
543 2179 671 2252 diserte
697 2203 778 2250 eam
805 2180 847 2251 in
875 2180 1103 2254 recensendis
1125 2181 1311 2254 Perizonii

260 2303 425 2381 substdiit
441 2299 685 2402 Lipsiensibue
700 2302 871 2374 Dukerut
892 2327 970 2375 non
990 2301 1180 2391 indicavit,
1206 2303 1309 2400 quod

258 2445 298 2504 et
317 2429 472 2501 ntiratur
493 2420 644 2501 Ernesti.
706 2423 837 2501 Miscet
859 2447 940 2496 eam
960 2429 1099 2498 Panzet
1117 2451 1148 2497 c.
1172 2428 1198 2497 l.
1220 2451 1309 2501 cum

257 2551 423 2626 editione
445 2548 535 2627 alia.
567 2570 661 2643 quae
687 2545 785 2620 insta
805 2541 885 2643 post
908 2569 1049 2618 annum
1076 2567 1183 2640 1433.
1207 2573 1309 2620 com·

259 2689 496 2761 memoratur,
520 2669 576 2741 uti
592 2670 740 2765 adparet
753 2693 799 2740 ex
815 2691 870 2756 eo,
897 2667 999 2762 quod
1019 2671 1206 2765 praemitti
1226 2669 1309 2742 scri·

259 2799 317 2871 bit
329 2793 523 2870 Hermolai
537 2791 686 2866 Barbari
701 2786 963 2885 praefationem
978 2789 1024 2862 ad
1038 2794 1141 2864 Alex.
1159 2795 1193 2864 6.
1212 2797 1310 2864 Pon·

259 2919 416 3008 tificem,
442 2939 534 3013 quae
557 2915 598 2986 in
614 2915 682 2986 bac
694 2935 772 2984 nou
788 2927 984 3006 comparet.

502 3161 537 3210 a.
588 3133 863 3210 Mediolani
892 3153 1002 3226 1471.
1027 3153 1065 3228 4.

339 3307 510 3391 Pomponii
525 3303 645 3367 Mellae
661 3294 918 3396 cosmographia
932 3295 965 3398 s
982 3301 1103 3396 desita
1119 3305 1215 3372 arbit.
1249 3305 1309 3374 Ita

261 3449 344 3498 eam
366 3436 631 3495 commemorat
649 3419 695 3490 de
708 3425 804 3492 Bure
820 3419 860 3490 in
878 3418 966 3490 bibl.
983 3415 1195 3494 instructive
1210 3429 1254 3496 T.
1274 3447 1308 3497 1.

259 3573 295 3643 p.
313 3567 373 3638 49.
396 3562 433 3614 et
457 3541 504 3616 lic
527 3539 713 3613 describit:
753 3545 809 3612 Le
828 3540 981 3612 volume
1011 3565 1223 3616 commence
1242 3571 1310 3643 par

259 3669 296 3740 le
319 3683 416 3739 texte
431 3664 476 3736 de
495 3665 684 3762 l’ouvrage
700 3663 780 3735 sans
800 3687 920 3734 aucun
938 3664 1107 3752 intitule',
1141 3666 1182 3738 ni
1205 3685 1309 3740 autre

176 3787 180 3796 ’
262 3785 473 3861 distinction
497 3787 776 3882 quelqnonque,
803 3801 839 3856 et
854 3809 904 3856 on
926 3783 1006 3858 liti
1025 3787 1060 3858 la
1081 3787 1133 3858 fin
1157 3787 1208 3858 du
1228 3789 1310 3862 der·

235 4005 241 4024 ¹
261 3913 341 3984 nier
361 3909 505 3983 feuillet
520 3909 556 3979 la
571 3905 810 4002 souicription
826 3905 990 3982 suivante
1012 3907 1205 4005 imprimdc
1226 3925 1312 3985 tant

305 4161 339 4234 a)
360 4161 466 4220 Cornea
486 4177 499 4212 a
522 4153 693 4229 Rewiczlty.
