2868 4930
346 461 499 514 extvm
599 441 665 505 Μ.
706 441 978 506 remolito
1020 444 1154 503 Muta

349 617 455 704 dem,
479 628 525 688 ut
544 605 719 708 praestare
740 605 848 707 poffia
862 609 904 682 in
922 627 1022 684 tanta
1041 609 1241 697 severitate,
1264 585 1368 706 quite

348 737 515 812 sexcenta
536 734 617 807 loca
640 733 680 804 in
705 755 813 826 opere
833 748 911 803 tam
926 756 1042 830 parvo
1056 733 1190 830 vixque
1205 749 1258 802 tot
1275 731 1368 802 verba

301 897 306 906 ·
350 858 580 944 continente,
611 851 790 950 corrigere
814 850 1008 948 profiteria
1066 855 1148 929 Erit
1171 853 1277 952 igitur
1298 857 1369 926 tua'e

349 977 566 1078 prudentiae
587 990 625 1046 et
650 973 837 1071 gravitatis
862 983 1017 1061 cavere,
1031 999 1081 1046 ne
1101 975 1190 1072 quid
1210 973 1370 1070 cupidius,

350 1127 399 1178 ne
414 1099 504 1196 quid
518 1093 745 1168 ambitiosius
759 1091 879 1166 secisse
893 1093 1062 1185 videaris,
1085 1116 1192 1194 atque
1207 1121 1248 1168 eo
1262 1093 1370 1190 magii,

352 1221 453 1320 quod
468 1213 619 1290 iniustae
638 1209 882 1311 castigationis
900 1220 1125 1290 contumelia
1142 1218 1228 1306 solet
1243 1218 1279 1288 in
1291 1210 1372 1286 casti·

353 1357 501 1441 gantem
537 1360 807 1432 nonnunquam
842 1335 1010 1410 recidere.
1018 1346 1040 1381 ⁴⁴
1102 1341 1262 1414 Eandem
1292 1331 1371 1409 casti·

354 1460 467 1563 gandi
487 1459 529 1534 in
547 1482 591 1531 eo
613 1457 810 1530 libidinem
834 1457 980 1530 notavit
1001 1459 1115 1532 etiam
1134 1457 1264 1556 epistol.
1280 1481 1309 1546 3,
1325 1479 1370 1550 ¹9·

353 1569 488 1680 Magni
521 1598 644 1652 tamen
676 1578 804 1651 iudicii
835 1578 959 1652 virum
989 1599 1085 1652 recte
1118 1605 1203 1653 enm
1218 1600 1223 1610 ·
1238 1579 1374 1676 adpellit

354 1701 501 1778 Voffius'
528 1701 574 1772 ad
599 1702 741 1773 Malam
764 1723 798 1788 n,
824 1723 856 1787 1,
876 1721 912 1792 4.
937 1697 1021 1772 ⁴etsi
1053 1700 1279 1800 diligentiam
1309 1699 1373 1769 eiua

355 1819 484 1923 passim
508 1819 683 1894 desiderat
702 1819 932 1910 ciacconius,
958 1821 1015 1892 uti
1035 1823 1083 1894 ad
1104 1853 1135 1912 1,
1157 1847 1213 1917 19,
1228 1825 1260 1893 6.
1301 1817 1375 1892 Inde

357 1967 447 2020 vero
469 1943 608 2014 factum
624 1940 683 2030 est,
709 1959 751 2013 ut
765 1939 882 2012 multa
898 1935 1018 2038 postea
1035 1945 1271 2038 probarentur
1285 1957 1317 2013 et
1330 1963 1376 2010 ex·

359 2065 578 2162 ciperentur.
652 2067 772 2158 Quam
808 2078 930 2136 textus
975 2062 1220 2139 recensionem
1255 2061 1376 2136 secutus

360 2181 423 2272 bt,
454 2181 625 2279 indagare
646 2205 723 2254 non
746 2182 869 2277 potui,
904 2205 991 2256 cum
1008 2183 1048 2256 io
1064 2186 1248 2283 plerisque
1269 2181 1378 2258 reser'tt

361 2304 580 2392 vedianum,
606 2301 645 2374 in
667 2301 749 2376 aliis
764 2300 981 2394 Olivarium,
1003 2306 1044 2378 in
1060 2309 1280 2403 quibusdam
1294 2305 1379 2402 igno

362 2443 441 2500 tam
457 2423 550 2498 mihi
565 2422 779 2511 editionem,
803 2423 1122 2504 Salmanticensem
1136 2429 1232 2506 sorta
1246 2445 1341 2523 1493·
1350 2437 1378 2514 4·

363 2563 449 2624 ante
463 2546 591 2621 oculos
606 2540 764 2618 babuisse
779 2541 936 2620 videtur.

440 2800 493 2864 10.
511 2795 663 2880 oporam.
688 2788 925 2888 typographi,
951 2789 1206 2866 adnotationes
1220 2791 1260 2866 in
1274 2797 1382 2883 Pomp

363 2913 507 2992 Melam
528 2909 631 3005 supra
658 2907 699 2980 in
721 2908 944 2984 editionibus
967 2910 1128 2986 indicavi
1151 2914 1198 2985 ad
1217 2939 1272 2986 an.
1292 2911 1382 3000 1576.

365 3039 498 3108 Brevea
521 3029 608 3104 illae
622 3028 707 3104 sunt
726 3047 764 3104 et
776 3047 916 3123 tenuas,
938 3055 1005 3105 neo
1019 3029 1089 3106 uili
1101 3030 1263 3112 summac
1280 3049 1386 3108 rerum

365 3150 574 3250 adtingunt.

388 3373 390 3376 ⁵
444 3403 559 3464 Petras
575 3404 626 3486 Ia.
643 3397 844 3494 Nunneflus,
869 3393 1104 3488 Valentinus,
1127 3399 1170 3505 ip
1194 3391 1389 3498 epistolari

365 3515 561 3590 Sebottum
575 3512 687 3604 missa,
714 3512 926 3588 disseruerat
943 3513 988 3587 de
1005 3519 1121 3616 patria
1139 3523 1272 3610 Melae,
1294 3537 1390 3618 quant

366 3635 578 3709 Mellariam
593 3634 695 3708 fuisse
708 3631 842 3724 statuit,
858 3635 992 3709 additia
1007 3638 1107 3712 notia
1119 3640 1160 3712 in
1173 3640 1390 3736 prooemium

366 3771 476 3854 atque
491 3755 565 3828 duo
585 3759 705 3853 priora
727 3759 844 3853 capita
860 3757 948 3830 libri
967 3758 1099 3853 primi,
1132 3758 1171 3830 in
1193 3762 1322 3858 quibus
1340 3755 1391 3828 ad·

366 3877 538 3952 hibuerat
564 3877 728 3949 codicem
750 3877 907 3950 msctunr
925 3894 962 3949 et
982 3877 1068 3950 edit.
1087 3877 1392 3955 Salmanticenseut

369 4015 478 4092 1498.
498 4015 534 4089 4.
566 4015 603 4069 et
627 3999 841 4094 diligentius
870 3997 916 4071 de
944 4023 1028 4078 vera
1051 3999 1209 4073 lectione
1233 3999 1393 4094 sensuque

364 4119 565 4198 verborum
587 4136 624 4194 et
645 4119 885 4218 geographica
902 4120 1044 4195 ratione
1063 4119 1247 4221 quaesivit.
1290 4127 1393 4214 Repe·
