2816 4920
328 391 388 455 108
442 380 585 440 POMP.
615 383 781 444 Muta
807 387 870 444 DE
899 387 935 447 8.
958 384 995 444 Ο.
1024 386 1131 448 LIII.
1161 391 1245 450 CX.

286 559 494 658 5Reliqua
519 535 573 632 est
599 565 667 633 ora
699 559 969 636 Mauretaniae
1003 561 1190 650 exterior,
1227 563 1325 638 etin

323 691 444 770 hem
468 691 530 769 lui
552 689 764 790 instigantis
787 690 826 766 le
845 689 997 768 Africae
1021 693 1246 772 noviffimus
1266 721 1326 771 an·

322 831 460 931 gulus;
489 825 631 902 iisdem
648 827 802 924 opibus,
830 824 896 900 ted
913 828 1181 906 minusdives.
1223 832 1326 907 Cete-

321 989 414 1040 rum
431 960 515 1038 solo
539 963 656 1036 etiam
682 960 804 1036 ditior
828 977 868 1036 et
892 959 990 1036 adeo
1017 960 1158 1038 fertilis
1179 960 1251 1052 est,
1283 980 1326 1038 ut

321 1094 486 1197 frugum
511 1119 663 1194 genera,
692 1119 775 1169 non
795 1119 886 1169 curn
904 1091 1082 1172 serantur
1103 1096 1238 1186 modo,
1264 1097 1325 1171 be·

320 1229 537 1332 nigniffime
560 1245 739 1328 procreet
748 1255 759 1316 ;
803 1225 870 1304 sed
898 1227 1090 1328 quaedam
1117 1229 1325 1330 profundat

322 1366 437 1440 etiam
454 1389 536 1440 non
560 1361 646 1436 lata.
705 1365 780 1436 Hic
794 1364 966 1439 Antaeus
987 1361 1157 1464 regnalle
1178 1365 1324 1454 dicitur,

322 1515 362 1576 et
396 1495 576 1602 (lignum
611 1496 722 1598 quod
766 1495 922 1572 fabulae
961 1499 1110 1574 clarum
1151 1498 1325 1601 prorsus)

320 1632 561 1722 ostenditur,
608 1632 719 1708 collis
749 1629 931 1708 modicus
957 1631 1135 1733 resupini
1160 1634 1324 1710 hominis

319 1769 490 1868 imagine
508 1767 680 1854 iacentis,
708 1767 830 1854 illius,
857 1781 904 1840 ut
924 1767 1076 1844 incolae
1096 1764 1242 1856 ferunt,
1267 1783 1325 1842 tu·

319 1905 476 1988 mulus:
508 1899 616 1976 urrde
636 1900 707 1975 ubi
726 1901 857 1999 aliqua
874 1925 962 2000 pars
980 1917 1090 1976 eruta
1106 1900 1181 1991 est,
1208 1900 1323 1978 solent

318 2036 464 2112 imbres
496 2032 643 2134 spargi,
681 2049 737 2122 et,
779 2032 906 2110 donec
933 2029 1063 2112 effolla
1095 2039 1322 2136 repleantur,

283 2171 523 2251 beveniunt.
581 2169 803 2243 Hominum
825 2192 913 2267 pars
938 2169 1050 2244 [ilvas
1069 2167 1321 2270 frequentant,

318 2305 464 2390 minus,
490 2326 609 2401 quam
627 2326 728 2399 quos
743 2298 866 2375 modo
892 2301 1076 2392 diximus,
1100 2307 1214 2406 vagi:
1243 2325 1322 2403 pars

317 2439 363 2514 in
390 2435 555 2512 urbibus
583 2449 720 2533 agunt3
760 2459 948 2534 quarum,
979 2451 1024 2510 ut
1048 2439 1155 2513 inter
1183 2459 1321 2537 parvas,

319 2566 625 2670 opulentiffimae
644 2568 858 2658 habentur,
887 2569 1026 2668 procul
1045 2595 1066 2644 a
1087 2573 1188 2646 mari
1205 2569 1319 2655 Gilda,

317 2705 537 2790 Volubilis,
571 2700 783 2778 Prisciana:
830 2704 994 2803 propius
1023 2718 1155 2778 autem
1182 2705 1263 2779 Sala
1286 2714 1321 2774 et

317 2842 417 2918 Lixo
435 2837 594 2914 flumini
610 2839 709 2912 Lixo
728 2839 914 2936 proxima.
973 2838 1084 2919 Ultra
1100 2837 1156 2914 est
1175 2836 1319 2914 colonia

318 2989 357 3048 et
383 2972 532 3048 fluvius
559 2973 676 3059 Zilia,
718 2987 773 3058 et,
813 2969 921 3046 unde
948 2972 1111 3048 initium
1150 2971 1318 3058 fecimus,

317 3081 537 3206 'Apsalooolo
569 3106 613 3180 in
647 3104 841 3180 Nostrum
872 3106 950 3178 iarn
977 3103 1126 3182 fretum
1163 3126 1318 3206 vergens
1348 3108 1352 3123 ’

317 3241 660 3341 promontorium,
690 3240 828 3340 Operis
849 3238 971 3318 huius
1001 3257 1118 3344 atquo
1141 3238 1317 3321 Atlantici

318 3375 445 3452 litoris
474 3374 676 3450 terminus.

623 3647 1013 3672 affl
