2816 4920
230 413 294 470 ns
324 411 438 470 stro
476 410 620 469 onsrs
650 409 742 468 nis.
770 411 794 466 1.
834 411 869 468 c.
890 411 970 470 xcx.
1066 425 1111 492 ⁸5

90 583 276 688 quamvis
291 581 367 657 alte
385 595 425 656 et
445 581 659 680 perniciter
676 577 865 671 ferannsr,
893 579 1107 660 absorbent.

89 722 219 798 Trans
256 715 525 818 Rhyndacum
564 713 620 791 est
657 713 863 816 Dascylos,
899 730 956 806 et,
991 741 1110 818 quam

89 854 339 956 Colophonii
370 849 633 941 collocavere,
666 851 832 952 Myrlea.
891 854 988 928 Duo
1020 847 1148 938 sumt

89 989 185 1066 inde
214 986 367 1065 modici
394 985 514 1068 linus.
580 987 691 1063 Alter
716 984 797 1062 fine
820 988 986 1063 nomine
1008 986 1112 1064 Cion

90 1124 365 1226 amplectitur,
410 1118 606 1221 Phrygiae
643 1121 753 1198 houd
794 1123 915 1222 longe
950 1120 1112 1198 iacentis

90 1254 467 1361 obportnniffimum
501 1257 748 1356 emporium:
796 1257 893 1333 alter
924 1254 1115 1333 Olbianos

88 1397 133 1470 in
157 1391 440 1495 promontorio
461 1388 540 1466 fert
557 1392 744 1491 Neptuni
762 1387 922 1480 fanum,
956 1391 1002 1466 in
1026 1415 1114 1492 gre-

87 1533 175 1607 mio
197 1526 384 1616 Astacon,
410 1523 746 1626 aMegarenfibus
771 1525 981 1602 conditam.
1031 1529 1148 1614 De-5

88 1663 188 1740 inde
214 1663 424 1764 propiores
452 1675 578 1736 terrae
599 1662 747 1736 iterum
767 1661 916 1752 iacent,
950 1659 1115 1741 exituri·

89 1823 172 1901 que
193 1799 239 1874 in
255 1801 431 1872 Pontum
455 1796 585 1896 pelagi
607 1795 750 1871 canalis
766 1792 966 1896 angustior
985 1799 1114 1872 Euro·

1 1949 2 1958 ¹
88 1959 185 2036 pam
236 1931 284 2006 ab
328 1928 416 2008 Ana
455 1927 587 2006 stadiis
630 1931 812 2029 quinque
856 1928 1114 2022 disterminat,

90 2067 288 2146 Thracius
316 2067 335 2161 (
340 2081 387 2142 ut
408 2064 562 2141 dictum
584 2061 661 2159 est)
682 2069 892 2165 Bosporus.
950 2063 1044 2167 Iplis
1068 2069 1113 2146 iu

89 2201 275 2280 faucibus
299 2199 516 2301 oppidum,
543 2201 680 2277 inore
705 2201 902 2300 templum
924 2199 998 2278 est:
1041 2227 1114 2303 op·

1 2421 2 2430 χ
87 2336 181 2440 pidi
203 2359 353 2412 nomen
376 2333 623 2424 Calchedon,
660 2350 797 2411 auctor
816 2335 996 2426 Archias,
1024 2341 1115 2414 Me·
1199 2355 1203 2364 “

90 2467 315 2575 garenfinm
347 2470 549 2570 princeps;
591 2469 730 2569 templi
764 2493 917 2544 numen
950 2473 1114 2573 Iupiter,

91 2607 281 2686 conditor
313 2601 407 2681 laio.
484 2605 560 2679 Hic
584 2605 664 2679 iam
687 2600 766 2678 lese
792 2603 932 2704 ingens
962 2609 1148 2690 l'ontus6

91 2745 240 2845 aperit:
271 2737 347 2815 nili
364 2762 443 2837 qua
461 2740 736 2840 promontoria
753 2736 861 2829 lunt,
891 2736 973 2815 huc
996 2755 1114 2840 atque

90 2881 193 2954 illuc
211 2877 335 2975 longo
356 2888 543 2973 rectoque
563 2873 690 2948 limite
712 2889 910 2963 extentus,
940 2871 1115 2954 linuatus

91 3027 239 3101 cetera,
267 3008 337 3085 ted
356 3011 451 3110 quia
475 3023 611 3085 contra
634 3009 788 3098 minus,
823 3033 944 3108 quam
965 3010 1014 3086 ad
1035 3011 1116 3086 lae·

91 3173 187 3226 vam
211 3161 252 3221 et
276 3143 454 3222 dextram
484 3141 675 3233 abscedit,
710 3144 981 3246 mollibusque
1008 3143 1115 3224 fasti-

91 3283 189 3384 giis,
216 3278 346 3358 donec
368 3276 551 3380 angustos
575 3280 776 3378 utrimque
800 3283 966 3380 angulos
986 3279 1114 3374 faciut,

91 3413 331 3504 inflectitur,
360 3414 411 3490 ad
427 3411 600 3490 formam
618 3413 795 3515 Scythici
812 3439 923 3494 arcus
944 3419 1114 3494 maxime

88 3555 308 3630 incurvus:
363 3549 514 3640 brevis,
558 3564 690 3639 anor,
736 3547 971 3643 nebulosus,
1017 3554 1114 3630 raris

88 3684 347 3774 stationibus,
370 3710 457 3762 non
474 3685 591 3760 molli
609 3707 741 3784 neque
762 3684 925 3765 arenoso
946 3689 1116 3766 circum·

88 3821 208 3900 datus
242 3821 381 3911 litore,
417 3821 577 3896 vicinus
608 3820 887 3918 aquilonibus,
929 3837 987 3912 et,
1019 3823 1115 3923 quia

84 3983 176 4038 non
199 3944 426 4057 profimdus
446 3951 521 4044 est,
551 3951 773 4032 fluctuosos
792 3971 911 4056 atque
934 3955 1112 4034 fervens:

86 4093 193 4172 olim
222 4116 271 4167 ex
300 4091 520 4172 colentium
547 4087 665 4170 laevo
697 4089 916 4170 admodum
947 4093 1111 4194 ingenio
