2868 4930
483 455 582 512 cae.
622 455 727 514 vrrr.
761 423 769 432 ’
1026 471 1134 524 cxxv

89 617 227 722 scripfit
245 617 498 721 observationum
513 627 559 691 od
574 629 783 707 Pomponium
793 627 914 692 Melam
928 631 1134 714 appendicem

88 752 232 818 Ιοιιᾰίηι·
253 747 359 832 1636.
379 761 413 834 4.
447 742 488 816 in
511 743 645 839 quibus
660 743 694 814 se
717 767 794 815 non
817 743 937 820 solum
956 745 1133 838 defendit,

37 875 45 893 '
89 867 146 941 secl
170 885 207 938 et
229 863 412 938 acerrimis
436 862 617 936 morsrbus
640 863 871 937 Gronovium
894 869 1135 964 compress'um

88 987 209 1060 iactat.
261 989 362 1060 Hinc
393 987 500 1059 novis
527 986 700 1059 conlectis
731 985 941 1061 Gronovius
972 997 1135 1092 epistolam

89 1109 227 1204 scripsit
243 1115 289 1179 od
305 1119 355 1181 Io.
375 1117 429 1179 Ge.
450 1115 630 1186 Graeciam,
653 1135 717 1198 qua
734 1106 939 1208 respondetur
953 1121 1135 1202 argutiolls.

87 1236 203 1323 quibui
224 1239 257 1299 iu
284 1236 457 1316 appendice
478 1227 732 1328 observationum
755 1236 801 1298 od
824 1237 863 1300 P.
886 1237 1010 1301 Melam
1032 1243 1136 1303 utitur

88 1349 137 1450 Is.
158 1353 286 1448 Voffius
303 1357 407 1440 Lugd.
426 1357 587 1422 Batavor.
606 1353 713 1440 1⁶87·
731 1370 767 1436 3.
800 1351 870 1422 Sed
885 1369 922 1424 et
936 1375 1035 1424 anno
1050 1371 1136 1426 ante

93 1476 204 1557 1686.
234 1471 371 1543 ibidem
403 1479 441 1540 de
468 1477 648 1558 Poisocopa
676 1476 839 1571 epssolom
869 1471 917 1542 ad
941 1454 1137 1548 Graculum

88 1595 323 1688 vussaverat,
349 1593 388 1664 in
409 1617 480 1689 qua
501 1591 543 1664 ls.
560 1587 673 1663 Voffii
690 1591 983 1689 explicationem.
991 1616 1066 1665 non
1083 1595 1137 1668 so·

88 1715 173 1786 lum
197 1713 408 1812 impugnat,
440 1714 501 1786 secl
524 1730 560 1785 et
584 1713 699 1784 multa
721 1737 766 1784 ex
786 1713 864 1784 eiua
886 1715 985 1786 Mela
1008 1715 1138 1788 vitiose

90 1853 128 1906 et
148 1835 329 1906 incuriose
349 1833 462 1930 elapsa
482 1833 659 1929 exagitat,
684 1857 720 1904 v.
737 1857 766 1904 c.
791 1857 871 1930 pag.
892 1856 950 1904 ιι.
970 1853 1006 1906 et
1023 1839 1081 1908 26.
1103 1847 1138 1906 in
1224 1853 1236 1884 ⁸

90 1961 254 2034 omnibus,
281 1963 471 2051 quaevidi,
494 1957 673 2034 codicibusr
705 1978 739 2049 p.
758 1971 818 2046 48.
838 1956 914 2027 (luo
936 1955 1138 2056 voearfurr23

92 2099 200 2176 p.75.
216 2084 288 2146 illm
298 2077 338 2147 in
348 2076 473 2147 dativo
480 2103 492 2161 3
519 2074 776 2172 p.164.soutes
790 2075 1012 2172 conspicuae.
1037 2085 1137 2152 Tum

94 2217 131 2273 et
152 2197 304 2270 aliunde
327 2198 396 2268 alia
412 2223 458 2269 ex
480 2196 587 2268 libris
602 2195 778 2269 Volliania
796 2197 998 2294 conquirit,
1024 2217 1067 2269 ut
1084 2226 1138 2272 re·

93 2321 233 2416 pendat
245 2315 359 2388 Vosl'ti
374 2317 649 2390 criminationes
664 2315 702 2387 in
719 2315 930 2390 salmasium
946 2319 1138 2412 coniectas,

92 2438 285 2536 inquibus
300 2440 446 2534 μεγάλας
464 2438 624 2534 ποταμὸς,
646 2439 745 2533 quod
761 2439 940 2511 exciderat
954 2439 1139 2530 salmasio,

94 2582 130 2635 ct
146 2585 229 2658 pag.
247 2580 306 2647 23.
323 2583 369 2629 ex
384 2558 630 2630 Grammatico
647 2563 781 2634 Graeco
804 2560 992 2634 vindicare
1011 2559 1138 2634 sludet.

94 2689 203 2756 Hanc
231 2681 337 2752 litem
371 2676 461 2752 viris
492 2677 612 2750 doctis
637 2679 746 2776 plane
778 2679 971 2778 indignam
994 2701 1030 2754 et
1054 2705 1140 2756 cum

95 2801 244 2902 magnis
263 2801 474 2872 animorum
491 2795 646 2872 aestibus
661 2799 931 2896 verborumque
952 2819 1141 2874 contume-

96 2925 159 2998 tiis
180 2922 356 3022 agitatam
379 2919 566 2992 consecuta
588 2920 715 3014 paullo
741 2913 821 3016 post
841 2917 951 2992 voffii
974 2946 1073 2994 more
1095 2923 1150 2996 ab·
1271 2917 1277 2929 '

96 3069 172 3118 nna
202 3039 353 3139 quidem
381 3059 483 3139 parte
508 3040 666 3112 diremit.
729 3045 858 3134 Neque
883 3043 983 3113 enim
1011 3045 1069 3116 vel
1094 3043 1143 3118 sto

96 3163 273 3238 desaeviit
288 3169 315 3234 L
334 3163 513 3236 Gronovii
528 3162 601 3253 ira,
626 3161 687 3235 sed
707 3179 744 3234 et
761 3185 889 3234 manea
905 3161 1017 3250 Voffii
1035 3189 1141 3238 vexa·
1159 3267 1162 3273 Ι

96 3289 154 3360 vit
181 3280 299 3381 postea
328 3285 367 3358 in
393 3285 479 3358 edit.
508 3287 615 3378 1696.
678 3289 848 3356 Ceterum
873 3287 1009 3375 multa,
1040 3287 1141 3384 quod

95 3407 221 3493 hodie,
247 3405 340 3478 facta
356 3405 637 3502 comparationis
652 3399 835 3500 potestate,
862 3401 1009 3494 constat,
1035 3407 1143 3480 tacite

1 3593 3 3601 ,
96 3527 278 3600 subtraxit
294 3525 479 3600 Nouaesio
494 3543 531 3599 et
544 3523 753 3614 eucrocia,
780 3513 859 3614 oui,
881 3543 1032 3598 notante
1046 3526 1143 3600 Peri·

98 3650 213 3722 zonio
240 3671 271 3738 1,
296 3671 330 3735 Ω,
355 3653 388 3720 6.
420 3647 466 3719 ad
492 3648 600 3720 verba
624 3645 725 3747 super
756 3653 843 3718 illum
868 3653 1017 3731 alterum,
1055 3647 1142 3722 addi

98 3765 218 3868 potest
236 3765 460 3842 Holsteuius.
512 3765 704 3866 Descripsit
722 3767 878 3840 omnino
892 3768 989 3846 hanc
1011 3767 1143 3842 editio·

99 3916 188 3966 nem
211 3899 453 3987 Baumgarten
475 3889 515 3961 in
540 3888 837 3986 merkwiirdigen
858 3890 1024 3962 Biichern
1046 3896 1089 3960 T.
1107 3893 1142 3962 6.

97 4038 135 4109 p.
156 4035 243 4084 oro.
293 4011 490 4107 Exemplar
511 4009 590 4082 eius
606 4009 817 4105 usurpatum
833 4026 870 4080 et
890 4009 992 4080 notis
1013 4003 1142 4082 instru-

98 4151 205 4208 ctum
221 4157 242 4206 a
257 4134 440 4230 Stephano
461 4133 497 4206 le
514 4135 658 4226 Moyne
676 4127 836 4209 servatur
855 4129 897 4202 in
918 4129 1141 4204 bibliotheca
