2816 4920
375 439 419 512 54
655 427 909 488 ronronrr
952 425 1118 486 natae

717 600 884 679 ose.
941 602 1055 676 xlx
1203 581 1206 588 ‘

378 781 580 887 Bithynia,
615 781 912 891 Paphlagonia,
950 781 1127 882 aliaeque
1148 783 1321 859 Ponticae
1340 795 1371 858 ct

515 931 735 1008 Maeoticae
759 945 896 1036 gentes
923 933 962 1004 in
983 953 1056 1005 orn
1080 921 1265 1039 Asiatica

347 1165 366 1216 1
466 1135 637 1214 Interius
659 1135 827 1236 Bithyni
850 1134 943 1212 suut
970 1150 1010 1212 et
1034 1135 1306 1239 Mariandyni:
1337 1136 1374 1212 iu

379 1295 450 1352 ora
466 1271 603 1346 Graiae
618 1270 756 1361 urbes,
783 1271 967 1373 Abydos,
996 1285 1037 1347 et
1053 1269 1320 1373 Lampsacum,
1342 1286 1375 1346 ct
1397 1323 1402 1342 ,

306 1422 307 1426 ’
378 1407 544 1496 Parion,
573 1420 611 1479 et
627 1407 799 1507 Priapos.
853 1404 1017 1507 Abydos
1040 1408 1176 1508 magni
1195 1405 1375 1506 quondam

380 1543 526 1620 amoris
550 1543 789 1619 commercio
814 1540 977 1642 insignis
1001 1539 1066 1616 est.
1131 1539 1375 1643 Lampsacum,

379 1677 568 1756 Phocaeis
599 1675 901 1776 adpellentibus,
942 1701 1094 1754 nomen
1121 1703 1170 1754 ex
1198 1702 1245 1754 eo
1268 1676 1375 1762 traxit,

381 1813 493 1917 quod
513 1808 828 1902 consulentibus,
852 1812 897 1887 in
913 1837 1101 1912 quasnam
1117 1829 1236 1889 terras
1254 1807 1376 1914 potili-

380 1973 498 2027 ntum
535 1945 762 2037 tenderent,
805 1934 1036 2048 nesponlum
1064 1963 1166 2038 erat,
1210 1948 1280 2024 ubi
1310 1945 1376 2045 pri·

345 2105 498 2160 amum
532 2076 713 2169 fullillet,
756 2081 816 2158 ibi
853 2079 986 2158 sedem
1022 2080 1220 2184 capellare.
1287 2085 1375 2156 Tum

381 2212 519 2294 rursus
544 2212 591 2289 -fit
620 2216 792 2314 apertius
826 2241 954 2305 mare,
996 2220 1218 2319 Propontis.
1271 2219 1314 2291 lu
1343 2209 1376 2286 id

382 2350 575 2426 Granicus
594 2345 838 2441 effunditur,
866 2377 943 2452 qua
959 2352 1137 2453 primum
1153 2357 1256 2429 inter
1269 2345 1376 2426 Perias

383 2498 424 2560 et
461 2482 731 2562 Alexandrum
766 2510 900 2587 pugna
933 2484 1014 2564 fuit
1047 2488 1207 2565 nobilis.
1272 2491 1376 2562 Trans

383 2643 543 2696 amnem
568 2617 676 2695 ledet
702 2621 748 2698 in
778 2622 930 2697 cervice
955 2647 1078 2724 paene
1105 2622 1254 2702 insulae
1279 2617 1377 2721 Cyri·

384 2777 497 2832 curn:
525 2777 675 2832 nomen
688 2755 860 2855 Cyzicus
875 2753 1043 2847 indidit,
1074 2783 1196 2859 quem
1210 2784 1231 2832 a
1245 2753 1377 2854 Minyis

383 2887 720 2991 imprudentibus,
745 2915 838 2965 cum
851 2890 1024 2968 Colchos
1047 2909 1239 2993 peterent,
1265 2887 1379 2968 fusum

385 3026 469 3100 acie
487 3021 722 3123 caelumque
738 3025 979 3125 accepimus:
1009 3023 1101 3127 post·
1113 3029 1240 3104 Placia
1255 3042 1291 3102 et
1302 3027 1378 3119 Scy·

384 3159 485 3247 lace,
521 3181 666 3258 parvae
690 3159 942 3258 Pelasgorum
970 3162 1170 3252 coloniae,
1207 3161 1380 3261 quibust

384 3307 497 3394 tergo
533 3291 718 3368 imminet
749 3319 867 3371 mons
904 3295 1102 3396 Olympus
1140 3299 1217 3400 (ut
1247 3289 1379 3368 incolae

349 3431 555 3526 avocant)
588 3425 753 3527 Myfius.
817 3431 854 3503 Is
875 3425 1027 3505 flumen
1058 3429 1320 3530 Rhyndacum
1345 3423 1379 3496 in

384 3587 449 3654 ea,
487 3585 589 3660 quae
618 3559 860 3661 lequuntur,
894 3565 1047 3639 emittit.
1112 3568 1225 3642 Circa
1255 3577 1379 3662 angues

383 3694 600 3774 nascuntur
621 3697 833 3788 immanes3
870 3723 1001 3798 neque
1017 3698 1070 3775 ob
1085 3697 1380 3800 magnitudinem

384 3833 530 3922 modo,
558 3828 626 3904 sed
647 3830 699 3906 ob
720 3830 763 3905 id
784 3833 902 3906 etiam
920 3831 1137 3924 mirabiles,
1167 3832 1296 3935 quod,
1323 3822 1382 3902 ubi

384 3969 430 4044 in
465 3968 628 4044 alveum
670 3969 755 4043 eius
799 3965 925 4043 aestus
960 3964 1165 4069 solemque
1201 3967 1381 4066 fugerunt

385 4117 597 4205 entergunt
612 4115 731 4202 atque
753 4100 877 4216 hiant,
903 4100 1276 4203 supervolantesqua
1295 4114 1382 4178 aves,
