2816 4920
327 317 371 390 aa
609 305 865 366 roucourt
908 305 1082 364 uacare

297 501 430 580 nopes
456 493 615 580 tempus
642 479 751 554 aluit
806 481 855 554 ln
877 472 1078 554 Lufiunia
1101 476 1266 579 Erythia
1291 474 1348 569 eli,

335 641 458 714 quam
485 617 695 715 Geryonae
722 615 936 688 habitatam
966 614 1215 714 accepimus,
1248 613 1350 686 aliae·

336 775 415 852 que
440 748 521 826 stne
538 751 654 824 certis
675 749 927 838 nominibus3
963 748 1066 825 adeo
1091 749 1179 848 agri
1203 745 1352 836 fertiles,

337 864 397 974 ut,
426 911 518 961 cum
538 881 657 959 semel
679 881 756 960 lata
772 881 970 960 frumenta
995 881 1083 972 sint,
1110 880 1278 960 subinde
1299 905 1353 955 re-

338 1019 483 1096 cidivis
505 1016 722 1096 seminibus
742 1017 913 1120 segetem
934 1019 1194 1106 novantibus,
1218 1014 1354 1117 septem

337 1155 574 1244 minimum,
633 1154 838 1230 interdum
881 1153 1017 1254 plures
1066 1156 1192 1228 etiam
1232 1146 1354 1228 mellea

338 1286 477 1364 ferant.
535 1294 583 1364 In
608 1290 768 1368 Celticis
792 1290 946 1390 aliquot
965 1287 1082 1379 sunt,
1119 1311 1240 1388 quas,
1272 1283 1356 1384 quia

341 1424 509 1524 plumbo
532 1424 754 1514 abundant,
791 1450 877 1502 uno
902 1450 1041 1501 omnes
1063 1425 1233 1500 nomine
1257 1415 1356 1496 Calli·

307 1559 485 1640 3teridas
518 1560 728 1662 adpellant.
799 1565 898 1637 Sena
928 1561 973 1636 in
999 1559 1231 1634 Britannico
1256 1553 1355 1639 mari,

343 1691 540 1776 Olismicis
569 1694 728 1772 adversa
760 1696 966 1785 litoribus,
1012 1695 1158 1768 Gallici
1191 1688 1355 1768 numinis

344 1832 506 1906 oraculo
524 1831 686 1934 insignis
703 1828 779 1908 est:
810 1833 926 1908 cuius
946 1828 1151 1920 antistites,
1179 1839 1355 1929 perpetua

343 1966 572 2064 virginitate
602 1965 772 2058 sanctae,
814 1991 983 2044 numero
1013 1990 1170 2042 novem
1197 1958 1270 2038 else
1290 1974 1355 2032 tra·

330 2095 520 2176 aluntur:
570 2103 788 2179 Gallicenas
812 2095 977 2191 vocant,
1009 2115 1237 2204 putantque
1258 2096 1354 2191 inge·

343 2233 424 2308 niis
457 2228 722 2334 singularibus
748 2236 977 2336 praeditas,
1007 2237 1134 2312 maria
1161 2259 1204 2306 ac
1234 2241 1355 2305 ventos

346 2369 543 2444 concitare
574 2370 836 2461 carminibus,
871 2368 1010 2471 seque,
1043 2373 1088 2444 in
1116 2391 1220 2470 quae
1243 2361 1355 2438 velint

345 2502 549 2594 animalia,
588 2521 764 2595 vertere,
809 2503 964 2594 sanare,
1000 2529 1104 2604 quae
1140 2500 1247 2603 apud
1268 2497 1353 2574 alios

344 2636 574 2716 insanabilia
597 2638 710 2731 sunt,
743 2640 840 2716 scire
865 2656 1032 2716 ventura
1055 2655 1096 2712 et
1114 2633 1352 2739 praedicare:

345 2772 414 2849 sed
443 2801 527 2852 non
564 2775 638 2852 nist
674 2777 826 2852 deditas
857 2774 1158 2876 navigantibus,
1181 2785 1237 2856 ,et
1258 2759 1352 2841 inid

307 2922 522 3000 aternum,
563 2927 609 2988 ut
639 2910 678 2984 se
706 2909 975 2998 consulerent,
1014 2906 1217 3009 prosectis.
1279 2897 1353 2976 Bri·

346 3045 480 3117 tannia
504 3047 631 3144 qualis
656 3045 720 3135 fit,
754 3044 968 3142 qualesque
990 3053 1243 3144 progeneret,
1270 3049 1352 3107 mox

348 3179 512 3252 certiora
530 3195 569 3254 et
589 3183 713 3280 magis
737 3151 936 3279 explorata
957 3177 1150 3253 dicentur.
1209 3169 1351 3274 Quippe

348 3311 500 3389 tamdiu
527 3313 693 3390 clausam
719 3314 844 3414 aperit
874 3338 962 3388 ecce
988 3314 1220 3412 Principum
1243 3294 1350 3378 maxi·

345 3469 457 3529 mus,
486 3448 862 3544 necindomitarum
882 3445 1007 3524 modo
1026 3463 1115 3520 ante
1132 3443 1192 3531 se,
1222 3448 1349 3512 verum

345 3583 572 3680 ignotarum
601 3609 764 3682 quoque
787 3585 965 3683 gentium
998 3583 1148 3668 victor,
1186 3565 1350 3675 propria·

347 3741 438 3791 rum
473 3741 608 3792 rerum
648 3714 766 3792 fidem
806 3732 853 3793 ut
889 3717 996 3794 bello
1033 3710 1256 3791 adfectavit,
1303 3695 1349 3769 ill

346 3852 552 3952 triumpho
581 3851 847 3928 declaraturus
870 3867 1010 3953 portat.
1075 3853 1276 3927 Ceterum,
1309 3837 1348 3900 ¹³1

345 3985 477 4064 adhuc
502 3987 734 4076 habuimus,
777 3989 881 4063 inter
906 3985 1240 4090 septemtrionem.
1258 3957 1348 4046 0⁶⁰1·
