2816 4920
191 425 256 485 nn
289 425 405 484 arro
435 420 580 484 onais
616 425 708 484 un.
730 425 770 482 n.
814 427 936 488 nvn.
1036 421 1078 508 69

58 597 267 674 coluntur:
296 620 390 672 nam
401 621 456 672 ne
464 595 612 697 pabula
626 595 792 696 quidem
806 596 913 698 large
928 593 1075 674 ferunt.

57 737 136 810 Hac
160 755 204 807 re
228 728 496 808 habitantibus
522 755 612 807 caro
642 756 880 832 magnorum
906 727 1077 832 piscium

56 866 134 944 iola
168 865 321 956 liccata,
358 881 398 942 et
432 867 477 940 in
504 867 701 967 pollinem
739 891 869 967 usque
903 865 1078 958 contusa,

55 1027 126 1103 pro
155 999 262 1078 farre
289 999 356 1077 est.
415 1004 565 1077 Paucae
599 1002 711 1076 etin
739 1003 889 1093 Ponto;
930 1007 1115 1098 Leucas

54 1135 308 1238 Borysthenis
324 1133 426 1214 offic
444 1137 609 1228 obiecta,
637 1159 758 1238 parva
778 1134 1009 1227 admodum,
1037 1152 1078 1214 et

55 1271 167 1373 quod
196 1272 257 1347 ibi
285 1273 459 1349 Achilles
488 1268 582 1348 litus
608 1269 684 1361 est,
722 1270 898 1347 Achillea
929 1297 1077 1374 cogno-

54 1410 184 1484 mine:
214 1432 301 1484 non
320 1409 440 1508 longe
459 1432 483 1481 a
499 1407 662 1485 Colchis
678 1407 784 1494 Aria,
812 1428 926 1503 quac,
954 1409 1077 1484 Marti

55 1539 286 1631 consecrata,
307 1545 372 1640 (ut
388 1539 535 1618 fabulis
553 1540 738 1637 traditur)
760 1539 854 1616 tulit
873 1565 964 1617 aves
983 1565 1078 1618 cum

54 1676 209 1754 lamma
225 1676 336 1753 clade
357 1677 657 1754 advenientium
673 1701 835 1778 pennas,
864 1671 969 1776 quast
990 1677 1078 1767 tela,

55 1814 249 1890 nculaus.
322 1810 511 1888 Sextum
542 1815 649 1889 inter
669 1809 756 1888 istri
784 1807 900 1888 ostia:
941 1837 988 1888 ex
1014 1811 1079 1889 his

1 2003 2 2006 ,
55 1951 183 2024 Peuce
212 1945 402 2024 notiffima
440 1963 479 2022 et
513 1949 693 2023 maxima.
751 1947 952 2048 Thynias,
990 1951 1079 2024 Ma·

1 2149 2 2156 ,
55 2081 350 2184 riandynorum
374 2079 523 2160 finibus
543 2085 744 2184 proxima,
781 2082 924 2158 urbem
947 2079 1079 2172 habet,

1 2315 2 2322 ἵ
56 2241 196 2318 quam,
233 2220 330 2317 quia
349 2217 515 2318 Bithyni
536 2218 740 2307 incolunt,
768 2215 986 2318 Bithynida
1012 2215 1080 2292 ad·

55 2353 216 2454 pellant.
276 2353 426 2430 Contra
460 2351 679 2428 Thracium
715 2353 940 2454 Bosporum
978 2351 1115 2441 duaes

1 2583 2 2595 Ν
56 2511 220 2588 purae,
266 2509 473 2588 parvoque
515 2484 700 2564 distantes
737 2485 883 2588 spatio,
928 2501 967 2562 et
1009 2487 1082 2562 ali·

57 2621 223 2724 quaudo
266 2621 439 2699 creditae
482 2620 690 2723 dictaeque
734 2645 989 2711 concurrere,
1041 2635 1083 2695 et

57 2759 243 2858 Cyaneae
271 2773 467 2835 vocantur
495 2772 534 2832 et
562 2755 854 2860 Symplegades.
912 2759 960 2832 ln
987 2760 1122 2848 Pro-4

57 2891 228 2994 pontida
253 2907 408 2970 tantum
423 2891 695 2970 Proconnesos
716 2891 927 2967 habitatur.
964 2895 1084 2968 Extra

57 3029 368 3128 Hellespontum
391 3051 546 3116 aarum,
588 3051 690 3129 quae
712 3024 886 3104 ,iliaticis
907 3027 1084 3128 regioni·

58 3162 135 3240 bus
159 3159 349 3251 adiacent,
374 3160 595 3238 clarillimae
614 3161 717 3251 sunt,
737 3161 932 3250 Tenedos,
958 3162 1084 3263 Sigeis

59 3293 224 3375 adversa
240 3297 439 3386 litoribus,
465 3313 516 3387 et,
544 3323 627 3398 quo
645 3296 829 3372 dicentur
846 3294 1000 3385 ordine,
1034 3293 1085 3371 ad

58 3433 388 3537 promontorium
410 3434 535 3509 Tauri
558 3433 707 3510 montis
735 3429 951 3532 expositae,
986 3455 1085 3531 quas

59 3564 270 3668 quondam
304 3567 386 3644 dici
419 3581 610 3668 putavere
636 3568 826 3664 Μακάρωνς
864 3563 945 3643 live
972 3563 1087 3666 quod

60 3702 263 3780 fortunati
293 3703 512 3782 admodum
543 3705 645 3782 coeli
672 3700 826 3803 solique
852 3700 963 3794 lunt,
1006 3700 1086 3778 five

60 3836 180 3942 quod
205 3861 268 3914 aas
289 3834 364 3916 suo
385 3836 633 3940 suorumque
660 3862 785 3941 regno
807 3841 943 3915 Macar
969 3861 1087 3912 occu·

60 3987 250 4078 paverat:
284 3973 331 4050 in
349 3973 512 4056 Troade
532 3973 694 4066 Lesbos,
723 3989 762 4052 et
783 3976 827 4050 in
845 3997 889 4050 aa
906 3973 1088 4072 quinque

63 4111 169 4190 olim
197 4107 365 4210 oppida,
390 4105 563 4203 Antilla,
597 4111 769 4214 Pyrrha,
805 4105 979 4196 Eresos„
999 4105 1089 4182 Me·

116 4260 218 4336 Pomp.
236 4261 331 4322 Mala.
731 4268 757 4342 p
