2816 4920
221 377 284 434 na
314 375 431 434 stru
468 365 613 436 onms
643 377 736 438 ura.
767 383 808 440 rr.
852 381 975 442 ovar.
1066 391 1109 456 η

85 567 188 648 qua,
227 549 306 626 alio
334 574 404 628 ora
426 549 472 624 in
495 549 717 651 Libycum,
756 551 836 628 alio
860 551 905 626 in
929 548 1106 628 Tuscum

82 705 194 760 mare
216 680 390 760 devenit.
447 685 562 762 Circa
581 685 755 761 Siciliam
777 685 823 762 in
843 686 978 763 Siculo
999 683 1102 762 freto
1114 702 1158 774 ιθ

83 814 140 892 est
176 819 322 908 Aeaee,
362 843 486 921 quam
524 817 696 922 Calypso
724 816 908 894 habitalle
935 819 1104 912 dicitur;

82 949 257 1028 Africam
275 952 411 1032 versus
425 956 589 1047 Gaulos,
616 955 769 1043 Melita,
797 949 977 1046 Collura3
1011 979 1105 1055 pro·

79 1087 176 1187 pius
210 1089 362 1168 ltaliam
397 1090 578 1180 Calatha,
615 1105 655 1165 et
682 1090 774 1165 illae
801 1086 968 1190 septem,
1006 1111 1104 1188 quaa

78 1223 201 1300 aeoli
226 1222 444 1324 adpellant,
477 1223 684 1314 Osteodes,
710 1227 876 1325 Lipara,
905 1223 1104 1312 Heraclea,

76 1357 282 1459 Didyme,
315 1355 594 1448 Phoenicuffa,
621 1383 684 1448 ac,
719 1355 818 1434 ficut
844 1363 985 1446 Aetna,
1012 1381 1103 1458 per-

78 1508 207 1594 petuo
229 1489 434 1594 flagrantes
452 1495 546 1596 igne
563 1495 682 1570 Hiera
700 1506 740 1568 at
761 1493 984 1592 Strongyle.
1024 1489 1103 1568 Sed

76 1626 311 1719 Pitheculla,
337 1628 577 1718 Leucothea,
603 1629 781 1716 Aenaria,
806 1627 1003 1713 Phitonia,
1029 1627 1103 1702 Ca-

77 1749 209 1865 preae,
233 1764 441 1866 Prochyta,
467 1763 643 1852 Pontiae,
664 1759 906 1848 Pandateria,
925 1761 1103 1849 Sinonia,

78 1897 292 1988 Palmaria,
339 1899 475 1975 Italico
511 1897 627 1972 lateri
661 1897 758 1970 citra
785 1895 975 1972 Tiberina
1004 1890 1102 1972 ostia

1 2087 2 2094 κ
79 2034 270 2110 obiacent
336 2031 451 2108 Ultra
486 2032 640 2130 aliquot
676 2029 768 2106 sunt
803 2055 970 2130 parvae,
1004 2029 1156 2124 Dia-19

77 2167 207 2256 nium,
237 2167 411 2268 Igilium,
442 2167 645 2255 Carbonia,
676 2169 799 2266 Urgo,
832 2166 929 2254 Ilva,
957 2166 1096 2265 Capra·

78 2303 159 2381 ria:
201 2299 304 2378 duaa
328 2299 507 2402 grandes,
539 2298 726 2400 fretoque
754 2297 914 2388 divisae,
942 2299 1100 2377 Corsica

77 2451 117 2512 et
147 2433 347 2527 Sardinia;
393 2461 566 2536 quarum
602 2431 756 2513 Cornea
789 2431 955 2510 Etrusco
988 2432 1099 2510 litori

76 2572 263 2674 propior,
292 2570 395 2646 intra
412 2571 531 2646 latera
553 2573 685 2646 tenuis
702 2585 742 2644 et
757 2569 897 2668 longa,
925 2581 1099 2668 praeter·

76 2707 291 2807 quamubi
312 2705 443 2780 Aleria
464 2722 503 2781 et
528 2706 707 2782 Mariana
729 2703 908 2779 coloniae
930 2699 1041 2791 lunt,
1074 2725 1097 2775 a

75 2841 253 2918 Barbaria
289 2840 457 2916 colitur:
500 2837 679 2916 Sardinia
719 2835 910 2914 Africum·
934 2837 1097 2937 pelagus

76 2975 302 3075 adtingens,
327 2971 401 3048 nili
424 2973 536 3074 quod
555 2975 599 3048 in
617 2971 884 3060 occidentem,
916 2994 1035 3070 quarn
1051 2971 1096 3046 in

57 3110 290 3197 orientem,
324 3105 526 3208 angustius
550 3105 715 3209 spectat,
747 3132 819 3208 par
842 3123 882 3181 et
907 3105 1095 3206 quadrata
1189 3099 1194 3109 '

75 3243 270 3343 undique,
292 3257 330 3318 et
343 3267 541 3342 nusquam
559 3265 643 3318 non
661 3243 864 3342 aliquanto
878 3238 1094 3342 spatiosior,

75 3403 195 3479 quarn
213 3377 284 3456 ubi
305 3375 518 3478 longiffima
534 3373 589 3452 est
609 3373 783 3464 Corfica3
819 3391 993 3452 ceterum
1016 3371 1096 3450 fer·

75 3517 177 3602 tilis,
204 3529 244 3588 et
264 3508 358 3600 soli,
387 3535 508 3610 quam
529 3513 651 3598 coeli,
683 3511 878 3597 melioris,
907 3525 1025 3609 atque
1048 3523 1094 3585 ut

73 3645 257 3735 fecunda,
280 3647 334 3720 ita
354 3668 479 3746 paena
498 3643 691 3745 pestilons.
722 3649 768 3720 In
784 3670 828 3720 ea
844 3641 1093 3744 antiquillimi

73 3781 323 3884 populorum
349 3776 441 3858 sunt
464 3776 646 3857 Ilienses:
691 3779 855 3854 urbium
883 3775 1092 3877 antiquissi-

71 3940 159 3992 mae
181 3914 329 3993 Caralis
351 3928 390 3990 et
413 3915 530 3991 Sulci.
589 3915 641 3990 At
662 3913 707 3988 in
728 3913 871 4000 Gallia,
908 3937 1003 4012 quas
1029 3936 1147 3988 rouo

69 4048 175 4130 ferre
213 4051 442 4142 conveniat,
480 4044 584 4126 [alae
621 4044 714 4124 lunt
749 4045 1002 4136 Stoechadas,
1041 4045 1089 4122 ab
