2868 4930
363 397 403 466 ιε
641 378 900 450 rottrorttt
943 383 1108 448 NELA!

227 565 233 576 '
358 575 491 638 tamen
515 553 677 649 fertilis,
711 571 752 636 et
775 555 991 636 hominum
1021 558 1270 660 aliorumque
1290 559 1373 644 ani·,

358 695 527 774 mallum
549 689 794 796 perfecunda
817 694 1047 794 generatrix.
1105 695 1226 772 Nilus
1251 692 1364 794 efficit,

359 831 553 918 amnium,
569 823 815 907 inNostrum
825 851 933 904 mare
941 831 1243 929 permeantium,
1257 830 1366 906 maxi·

320 981 342 1034 a
361 987 465 1044 mue.
521 965 599 1042 Hic
615 987 663 1038 ex
680 959 841 1040 defertis
854 960 1009 1040 Africae
1029 960 1186 1055 millus,
1218 989 1288 1040 neo
1304 962 1367 1040 stt·

360 1100 436 1187 tim
462 1098 640 1201 navigari
661 1095 807 1190 facilis,
843 1123 917 1176 nec
938 1095 1065 1174 statim
1088 1099 1212 1176 Nilus
1228 1097 1300 1174 est:
1332 1113 1376 1184 et,

361 1261 455 1312 cum
481 1232 556 1310 diu
579 1230 744 1334 fimplex
773 1230 992 1334 saevusque
1027 1229 1246 1326 descendit,
1278 1234 1367 1312 circa

359 1373 552 1460 Meroen,
590 1369 667 1444 late
695 1382 894 1471 patentem
921 1366 1117 1459 insulam,
1150 1370 1196 1446 in
1222 1370 1368 1448 Aethio·

359 1505 469 1608 piam
502 1488 763 1595 diffunditur,
804 1503 1005 1605 alteraque
1033 1520 1146 1606 parte
1169 1504 1368 1593 Astabores,

295 1637 297 1642 ’
361 1643 483 1720 altera
503 1637 643 1742 Astape
664 1638 794 1719 dictus
818 1637 885 1726 est.
942 1639 1025 1715 Ubi
1043 1639 1182 1718 rursus
1206 1641 1294 1730 coit,
1319 1637 1369 1714 ibi

106 1783 111 1810 ¹
263 1824 275 1836 -
360 1801 511 1856 nomen
526 1773 605 1854 hoc
626 1776 739 1878 capit.
795 1771 894 1852 Inde
913 1776 1060 1877 partim
1082 1773 1213 1876 asper,
1240 1776 1369 1877 partim

360 1912 521 2011 navigia
544 1911 715 2012 patiens,
751 1912 797 1988 in
818 1911 1035 1988 immanem
1053 1911 1184 1989 lacum
1202 1911 1369 1994 devenitt

362 2067 412 2120 ex
445 2067 528 2146 quo
566 2044 773 2146 praecipiti
809 2045 966 2146 impetu
998 2043 1187 2146 egrellus,
1235 2064 1274 2122 et
1306 2049 1370 2120 Ta·

362 2176 566 2278 chompso,
604 2179 766 2254 alteram
794 2177 977 2271 itrsulam,
1003 2183 1221 2281 amplexus,
1257 2199 1369 2279 usque

362 2311 414 2388 ad
428 2312 732 2414 Elephantinen,
752 2313 894 2390 urbem
909 2316 1159 2418 Aegyptiam,
1183 2333 1291 2396 atrox
1312 2310 1369 2388 ad·

362 2445 446 2524 huc
471 2445 709 2548 fervensque
734 2446 920 2524 decania
978 2456 1088 2532 Tum
1115 2451 1279 2530 demum
1299 2449 1370 2549 pla·

363 2583 493 2668 cidior
519 2598 559 2659 et
579 2583 660 2660 iam
676 2583 778 2660 bene
802 2584 1048 2684 navigabilis,
1074 2587 1255 2687 primum
1274 2586 1371 2660 iuxta

363 2715 618 2798 Cercasorum
635 2717 835 2821 oppidum
855 2719 1000 2820 triplex
1020 2717 1094 2797 elle
1110 2723 1264 2822 incipit
1300 2721 1370 2794 De·

362 2854 460 2932 inde
478 2856 625 2932 iterum
649 2855 877 2955 iterumque
895 2851 1047 2932 divisus
1065 2855 1116 2931 ad
1134 2858 1251 2944 Delta
1272 2869 1310 2929 et
1328 2847 1370 2926 ad

234 3041 240 3052 -
362 2991 512 3078 Melia,
546 2991 581 3064 it
602 3013 857 3091 peromnem
871 2989 1101 3091 Aegyptum
1117 3015 1245 3093 vagus
1267 3003 1371 3086 atque

363 3119 579 3224 dispersus:
615 3120 844 3224 leptemque
863 3126 908 3200 iu
930 3149 999 3202 ora
1019 3121 1058 3201 se
1078 3124 1279 3214 scindens,
1306 3120 1372 3198 sm·

325 3275 346 3344 5
364 3257 470 3358 gulis
487 3271 619 3334 tamen
635 3257 806 3359 grandis,
834 3260 1048 3337 evolvitur.
1092 3263 1192 3340 Non
1211 3269 1373 3364 pererrat

362 3407 496 3468 autern
515 3407 671 3470 tantum
692 3418 797 3484 eam,
841 3391 909 3471 sed
933 3391 1080 3472 aestivo
1106 3393 1231 3473 fidere
1261 3417 1372 3472 exun-

196 3569 200 3579 ·
363 3523 459 3601 dans
485 3529 602 3602 etiam
625 3529 781 3629 irrigat,
817 3527 916 3606 adeo
943 3527 1163 3607 efficacibus
1192 3533 1303 3632 aquis
1329 3523 1372 3602 ad

349 3660 635 3762 ,generandum
651 3663 936 3767 alendumque,
957 3681 1006 3742 ut
1020 3679 1174 3765 praeter
1190 3666 1248 3756 id,
1271 3657 1374 3764 quod

361 3793 477 3871 scatet
500 3794 695 3898 piscibus,
733 3800 844 3898 quod
864 3799 1174 3901 hippopotamos
1205 3794 1374 3876 crocodi-

363 3931 524 4032 loaque,
559 3930 682 4010 vastas
716 3932 882 4022 belluas,
915 3935 1064 4034 gignit,
1105 3934 1231 4035 glebis
1263 3934 1375 4010 etiarn

364 4065 551 4148 infundat
583 4069 754 4160 mmet,
796 4089 847 4146 ex
878 4065 1041 4171 ipsaque
1074 4067 1203 4148 humo
1247 4066 1375 4147 vitalia
