2816 4920
346 405 388 452 tto
624 385 883 447 POMPONII
921 383 1098 448 1111.Δῖ

345 560 450 639 sunt.
492 559 539 636 In
556 558 735 661 quodam
750 560 840 635 lacu
856 557 1058 635 Chemmis
1077 553 1219 647 insula,
1245 557 1346 636 lucu

346 695 551 795 silvasque·
568 710 609 770 et
637 695 837 797 Apollinis
868 691 1016 795 grande
1043 690 1232 769 sustinens
1260 709 1347 770 tem·

345 834 475 935 plum,
503 845 621 920 natat,
649 845 699 919 et,
724 853 970 931 quocunque
989 830 1096 904 venti
1115 843 1249 929 agunt,
1273 828 1347 928 pei·

345 968 454 1044 litur.
511 965 743 1068 Pyramides
772 967 969 1042 tricenum
993 964 1143 1066 pedum
1168 961 1351 1065 lapidibus

345 1101 580 1191 exstmctae3
632 1125 804 1201 quanam
846 1101 1018 1176 maxima
1057 1100 1159 1201 (trec
1192 1121 1350 1198 namquo

345 1235 463 1338 sunt)
489 1252 659 1335 quatuor
679 1233 763 1312 fere
788 1233 863 1310 soli
883 1237 1022 1336 iugera
1045 1234 1116 1314 sua
1135 1233 1223 1311 sede
1244 1259 1347 1312 occu·

344 1387 430 1475 pat,
460 1369 628 1450 totidem
643 1373 687 1446 in
703 1369 958 1458 altitudinem
976 1373 1155 1473 erigitur.
1200 1369 1347 1457 Moeris,

346 1505 561 1607 aliquando
589 1531 769 1607 campus,
799 1532 909 1583 nunc
930 1507 1058 1596 lacus,
1086 1508 1230 1608 viginti
1251 1503 1349 1578 milia

344 1638 525 1745 passuum
546 1643 590 1717 in
614 1642 827 1718 circuitum
843 1656 992 1744 patene,
1023 1644 1152 1734 altior,
1174 1665 1286 1741 quam
1305 1635 1347 1712 ad
1379 1676 1381 1684 v

344 1765 617 1880 navigandum
644 1779 797 1878 magnis
827 1775 1059 1878 onustisque
1085 1777 1251 1854 navibus
1272 1772 1355 1848 satie·

345 1913 410 1990 est.
469 1911 744 1988 Psammetichi
767 1939 870 2013 opus
895 1913 1188 2015 Labyrinthus,
1222 1911 1348 1988 domos

344 2065 406 2124 ter
428 2049 524 2144 mile
545 2063 584 2122 et
609 2049 736 2148 regiae
758 2046 975 2125 duodecim
1001 2066 1176 2151 pepetuo
1206 2045 1348 2151 parietis

344 2182 496 2259 ambitu
537 2184 761 2283 amplexus,
819 2206 1018 2260 marmore
1065 2183 1277 2262 exstructus
1311 2203 1348 2254 ac

343 2333 490 2407 tectus,
527 2343 659 2394 unum
688 2319 732 2392 in
761 2316 800 2394 se
828 2317 1056 2398 descensum
1084 2321 1222 2410 habet,
1253 2322 1349 2394 intus

343 2477 468 2554 paene
495 2453 806 2532 innumerabiles
833 2457 938 2545 vius,
970 2458 1110 2534 multis
1138 2453 1353 2556 ambagibus·

344 2588 424 2666 huc
449 2605 488 2664 et
514 2591 613 2665 illuc
643 2590 930 2680 remeantibus,
966 2589 1035 2668 sed
1060 2595 1253 2669 continuo
1278 2611 1348 2663 am·

342 2722 491 2815 fractu,
528 2742 569 2802 et
604 2724 716 2827 saepe
746 2727 941 2804 revocatis
968 2729 1190 2829 porticibus
1215 2723 1349 2823 ancipi-

344 2878 420 2937 tes:
460 2860 610 2961 quibus
633 2859 801 2938 subinde
818 2863 942 2938 alium
963 2860 1081 2965 super
1100 2868 1199 2942 alios
1225 2862 1353 2940 orbem

343 2995 570 3096 agentibus,
598 3011 639 3070 et
658 2994 828 3072 subinde
851 3012 1005 3073 tantum
1029 3000 1222 3077 redeunte
1242 2995 1349 3081 flexu,

344 3146 538 3230 quantum
562 3127 811 3231 processerat,
840 3159 984 3233 magno
1008 3150 1047 3209 et
1066 3134 1286 3238 explicabili
1303 3145 1350 3205 ta·

308 3269 330 3338 6
345 3289 439 3342 men
457 3290 591 3342 errore
609 3266 821 3366 perplexus
840 3265 905 3342 esta
950 3270 1135 3347 Cultores
1156 3271 1352 3370 regionum

341 3401 473 3478 multo
506 3403 618 3475 aliter
646 3427 668 3475 a
695 3403 833 3478 ceteris
861 3419 995 3504 agunt
1053 3408 1241 3482 Mortuos
1262 3404 1352 3476 limo

342 3537 459 3613 obliti
481 3539 697 3638 plangunt:
737 3563 810 3612 nec
833 3563 1023 3628 cremare,
1057 3557 1127 3616 aut
1143 3539 1281 3618 fodere
1300 3532 1353 3610 fae

341 3689 503 3774 putant,
532 3696 677 3748 verum
697 3687 778 3746 arte
797 3672 1012 3750 medicatos
1027 3675 1128 3750 intra
1147 3673 1350 3778 penetralia

343 3809 546 3886 collocant.
590 3807 680 3882 Suis
705 3806 831 3884 literis
856 3807 1038 3909 perverse
1062 3825 1239 3888 utuntur.
1279 3813 1359 3884 Lu··

342 3961 432 4019 tum
456 3945 742 4031 intermunus,
775 3940 945 4018 farinam
968 3945 1139 4022 calcibus
1159 3944 1350 4044 subigunt.

341 4083 492 4157 Forum
524 4103 582 4156 uc*
607 4079 768 4180 negotia
801 4075 992 4170 feminae,
1036 4083 1129 4172 -viri-
1162 4075 1278 4186 pensa
1311 4097 1351 4150 ac
1388 4119 1389 4122 κ
