2816 4920
196 427 260 488 DE
295 425 410 487 stru
446 427 591 487 ORBIS
628 427 924 494 Ltn.1.·c.1x.
1041 445 1080 493 Μ

54 603 382 690 damnaturum
422 623 544 677 onera
568 601 660 676 illae
683 598 882 691 humeris,
910 601 955 678 hi
978 607 1082 708 capi·

54 742 164 816 tibus
186 739 409 838 accipiunt:
445 749 625 835 parentes
643 760 735 811 cum
751 753 887 836 egent,
914 738 995 816 illis
1013 765 1083 816 ne·

55 871 152 952 oeffe
177 871 252 961 est,
287 872 351 947 his
375 871 548 948 liberum
576 870 689 946 alere.
750 871 872 948 Cibos
893 874 1021 974 palam
1042 892 1084 952 et

55 1027 164 1088 extra
192 1024 292 1084 tecta
314 1004 382 1083 sua
406 1007 587 1107 capiunt:
627 1002 821 1084 obscoena
845 1007 997 1085 intimis
1019 1034 1083 1083 ae·

55 1145 172 1223 diurn
208 1141 396 1218 reddunt
474 1139 626 1218 Colunt
665 1137 816 1244 effigies
854 1143 1117 1234 multorum

56 1281 313 1367 animalium,
350 1291 468 1376 atque
501 1271 582 1376 ipse
610 1279 742 1376 magis'
763 1278 966 1354 animalia:
1013 1277 1082 1355 sed

55 1417 126 1492 alii
145 1417 246 1491 ahu:
283 1410 383 1487 adeo
399 1425 446 1486 ut
468 1409 663 1511 quaedam
681 1435 843 1504 eorum,
872 1414 990 1490 etiam
1009 1438 1085 1516 per

54 1547 391 1651 imprudentiam,
436 1543 693 1636 interemisse,
737 1546 878 1647 capital
914 1545 981 1622 fit:
1031 1563 1083 1638 et,

53 1687 130 1762 ubi
152 1684 297 1762 morbo
319 1695 386 1756 aut
406 1677 509 1756 forte
531 1677 715 1755 exstincta
732 1679 825 1770 tint,
853 1677 1017 1782 sepelire
1037 1708 1082 1758 ac

53 1821 197 1920 lugere
214 1816 376 1893 solenne
395 1813 450 1891 stt
510 1815 605 1914 Apis
625 1816 874 1916 populorum
897 1819 1083 1892 omnium

54 1979 213 2031 numen
233 1951 308 2042 est3
343 1949 417 2028 bos
432 1951 563 2050 niger,
594 1954 708 2027 certia
724 1951 889 2026 maculis
909 1947 1082 2052 insignis,

54 2107 95 2166 et
121 2087 248 2166 cauda
272 2087 490 2188 linguaque
514 2083 703 2161 diffimilis
733 2085 916 2161 aliorum.
974 2091 1082 2166 Raro

55 2222 251 2312 nascitur,
291 2247 364 2296 nec
393 2221 503 2296 coitu
534 2217 719 2319 pecudis,
748 2219 820 2315 (ut
849 2223 986 2324 aiunt)
1014 2221 1084 2298 sed

57 2359 257 2436 divinitus
276 2371 315 2430 et
341 2351 497 2430 coelesti
521 2355 614 2454 igne
639 2369 851 2456 conceptus
859 2383 870 2445 ;
905 2355 1083 2458 diesque,

58 2521 142 2598 quo
178 2491 373 2592 gignitur,
410 2491 520 2591 genti
547 2489 718 2564 maxime
742 2487 864 2569 festus
886 2487 951 2567 est.
1009 2487 1120 2593 lpfia

58 2623 305 2706 vetustiffimi
341 2626 359 2721 (
370 2640 415 2700 ut
441 2621 691 2726 praedicante)
731 2625 965 2715 hominum,
1006 2641 1084 2701 tre-

61 2778 198 2840 centos
214 2775 254 2835 et
272 2760 431 2860 triginta
451 2783 562 2861 reges
580 2775 670 2836 ante
694 2758 869 2852 Amafin,
906 2775 945 2834 et
966 2755 1085 2861 supra

60 2896 255 2974 tredecim
277 2894 438 2969 milium
456 2917 655 2971 annorum
679 2910 840 2988 aetates,
877 2897 991 2972 certis
1017 2919 1086 2971 an·

61 3032 223 3110 nalibus
261 3027 461 3117 referunt,
507 3028 819 3129 mandatumque
857 3031 981 3108 literis
1009 3028 1088 3105 ser·

61 3182 178 3254 vant,
208 3162 307 3238 dum
328 3165 514 3264 Aegyptii
532 3160 642 3254 sunt,
676 3180 815 3264 quater
838 3163 973 3242 cursus
994 3162 1088 3242 suos

62 3295 222 3378 vertiffe
253 3293 395 3386 fidere,
444 3321 486 3372 ac
522 3294 647 3375 solem
676 3299 736 3376 bis
775 3299 855 3375 iam
894 3295 1088 3387 occidiffe,

63 3433 178 3512 unde
211 3457 322 3509 nunc
361 3433 499 3508 oritur.
582 3433 735 3534 Viginti
774 3435 885 3510 milia
922 3435 1123 3526 urbium9

13 3601 14 3606 ¹
65 3563 193 3646 Amafi
229 3583 418 3668 regnante
449 3561 698 3657 habitarunt,
740 3581 780 3642 et
807 3593 917 3645 nunc
945 3569 1090 3646 multas

15 3753 17 3789 r
64 3703 255 3782 habitant.
316 3705 464 3778 Earum
485 3701 724 3791 clarissimae,
761 3705 904 3803 procul
929 3729 950 3778 a
977 3704 1117 3792 mari,

65 3841 160 3928 Sais,
187 3836 403 3938 Memphis,
429 3839 571 3938 Syene,
598 3833 788 3928 Bubastis,
816 3839 1091 3956 Elephantine,

66 3989 104 4049 et
124 3971 312 4062 Thebae,
348 3973 409 4047 uti
433 3995 535 4070 quae
561 3973 630 4076 (ut
653 3975 821 4049 Homeri
838 3969 1092 4072 dictumest)

71 4126 233 4187 contram
261 4121 416 4208 portas,
455 4105 537 4188 five
568 4109 641 4214 (ut
664 4109 734 4184 elii
763 4113 900 4208 aiunt)
932 4122 1094 4184 centum

115 4262 218 4334 Pomp.
243 4259 340 4318 Mela.
743 4264 783 4310 m
