2868 4930
364 471 458 524 exve
611 450 677 510 DE
718 449 989 514 ΡοΜΡοΝῐο
1034 453 1167 514 MELA

366 646 459 723 quae
482 617 653 696 .Pintiani
677 614 972 718 castigationibus
996 619 1203 712 subiunxit,
1238 647 1284 696 ex
1303 629 1395 697 Nun·

366 743 456 819 nesti
478 759 516 816 et
537 739 721 814 ciacconii
743 741 842 816 notis
866 739 991 831 ducta,
1025 768 1103 815 non
1124 770 1169 815 ex
1189 743 1299 844 ipfios
1314 769 1396 817 cere·

366 867 468 940 bello
491 861 661 963 prodiiffe
686 879 809 958 putat,
843 861 1061 952 immemor,
1095 863 1270 964 seipsum
1302 865 1397 937 tacito

368 985 562 1062 ciacconio
589 984 685 1056 bona
705 983 765 1056 sua
786 982 981 1055 insalutato
1007 985 1160 1060 domino
1189 983 1395 1081 subripuiffe.

368 1117 417 1181 At
438 1123 533 1180 recte
556 1099 696 1178 Ernesti
717 1127 797 1204 pag.
818 1127 876 1198 79.
899 1129 928 1177 o.
948 1103 973 1176 l.
998 1107 1135 1178 bonam
1159 1106 1240 1180 sane
1261 1131 1398 1204 operam

367 1228 492 1304 Meloe
520 1249 606 1297 eum
628 1222 769 1298 naveffe
796 1224 943 1295 iudicat
994 1231 1163 1300 Servatur
1188 1229 1266 1300 eius
1291 1254 1398 1301 exem·

367 1351 476 1447 plum
494 1371 579 1418 cum
596 1353 637 1418 V.
656 1351 694 1420 C.
719 1346 915 1444 diligenter
936 1348 1124 1419 conlatum
1147 1349 1187 1420 iu
1212 1350 1299 1420 bibl.
1320 1347 1399 1420 uni·

368 1469 546 1544 verfitatis
567 1465 937 1566 lugduno-Batnae
966 1463 1049 1539 teste
1077 1470 1246 1568 catalogo
1266 1495 1298 1567 p.
1322 1495 1396 1542 ooo.

369 1593 471 1666 eliud
486 1591 527 1662 in
542 1588 631 1660 bibl.
647 1586 855 1674 Oxonienfi.
886 1589 970 1660 vid.
986 1589 1089 1684 supra
1103 1616 1137 1686 p.
1155 1615 1208 1660 m.
1248 1597 1397 1664 Omnino

367 1732 492 1790 nutem
513 1735 594 1784 eam
615 1707 795 1805 descripsit
815 1711 981 1784 Sincerus
1002 1711 1253 1800 (Sohwiudel)
1274 1711 1312 1784 in
1336 1713 1398 1784 den

367 1860 488 1912 neuen
508 1829 753 1904 Naohrichten
775 1855 852 1903 von
872 1856 977 1904 roten
997 1831 1164 1903 Bt'ichern
1182 1855 1220 1927 p.
1238 1839 1318 1921 326.
1343 1829 1397 1905 eti

368 1983 438 2058 ego
464 1977 581 2027 rerem
607 1969 850 2048 nonputem.
907 1952 998 2027 Eius
1023 1953 1199 2028 lectiones
1226 1980 1245 2026 a
1270 1979 1327 2025 me
1347 1977 1398 2023 ex·

368 2093 507 2174 oerptas
546 2070 818 2144 subministrant
858 2091 980 2148 notae.
1056 2081 1243 2148 Praeterea
1282 2075 1398 2148 eodem

369 2221 468 2270 enno
487 2213 595 2280 1532.
621 2191 681 2284 (in
702 2191 929 2268 dedicatione
950 2197 1086 2294 legitur
1111 2203 1242 2288 1531.)
1273 2195 1397 2267 ibidem

370 2314 481 2390 etiam
502 2313 598 2386 edita
617 2311 799 2388 fonteius
823 2318 1068 2414 Geographica
1085 2334 1123 2390 et
1142 2314 1318 2392 Historioo
1336 2321 1396 2386 He·

369 2434 505 2522 rodoti,
537 2456 629 2531 quae
644 2435 746 2506 Melo
766 2435 897 2508 Latine
912 2435 1071 2510 reddidit
1087 2456 1124 2510 et
1137 2435 1218 2534 post
1241 2434 1396 2510 utilitatis

368 2555 473 2632 eausa
488 2553 645 2629 editioni
660 2577 691 2628 a.
711 2571 818 2648 1743.
842 2557 994 2630 inseruit
1007 2570 1051 2632 A.
1066 2560 1287 2636 Gronovius.

631 2793 691 2862 7⁰·
743 2771 935 2846 Parisiis
963 2793 1070 2862 ¹588·
1103 2793 1140 2867 4.

441 2922 550 3020 Apud
564 2922 686 2997 Nicol.
700 2923 918 2998 Nivellium.
950 2925 1036 3000 Fuit
1048 2925 1088 3004 in
1105 2925 1195 2998 bibl.
1208 2924 1397 3000 Thottisnt

368 3043 572 3122 exindicio
589 3045 745 3144 catologi
765 3053 809 3119 T.
824 3065 859 3140 4.
881 3071 917 3143 p.
937 3069 1019 3119 ιω.
1035 3072 1073 3119 n.
1091 3066 1174 3136 878.
1209 3048 1307 3119 unde
1326 3067 1397 3117 eam

367 3166 532 3263 primum
557 3163 729 3260 cognovi.
780 3163 862 3239 Post
884 3183 1032 3265 togatus
1054 3191 1074 3239 o
1099 3191 1159 3240 me
1183 3165 1398 3263 Nyerupius,

368 3286 473 3360 cuius
489 3283 689 3357 officiosam
704 3287 971 3383 humanitatem
993 3307 1117 3387 gratus
1137 3285 1278 3382 semper
1298 3308 1397 3358 vene-

367 3407 487 3494 rabor,
503 3404 550 3478 fic
562 3403 761 3501 descripsit:
784 3415 829 3481 ln
843 3409 953 3481 titulo
963 3410 1099 3507 legitur
1106 3413 1242 3506 Parisiis
1255 3421 1393 3498 15384

369 3532 459 3616 opud
474 3533 580 3595 Nicol.
598 3535 770 3599 Nioellium
785 3529 849 3630 sub
862 3533 963 3629 signo
983 3536 1226 3608 Columnarum,
1254 3525 1394 3601 constat·

367 3669 438 3743 que
462 3643 607 3742 paginis
633 3664 694 3739 4ο.
756 3657 833 3722 Nec
861 3648 1103 3746 praefatione,
1135 3675 1203 3721 nec
1227 3651 1325 3723 notis
1347 3649 1396 3718 in·

365 3763 497 3841 structa
518 3762 587 3857 est.¹
616 3774 756 3842 Textus
777 3771 1035 3843 tantummodo
1054 3770 1095 3842 in
1117 3771 1282 3868 margine
1301 3787 1394 3844 uota-

365 3903 422 3960 tn
447 3886 555 3958 habet
582 3887 759 3961 lectiones
781 3889 1041 3988 discrepantes,
1079 3916 1236 3987 quarum
1259 3891 1414 3992 fontem

366 4009 477 4082 etiam
501 4005 640 4078 indicat
661 4007 809 4082 titulus:
853 4019 1022 4100 Pomponii
1046 4021 1153 4082 Motae
1174 4019 1213 4080 de
1225 4014 1299 4110 fito
1317 4013 1414 4098 orbim

364 4135 519 4202 littteras
539 4135 586 4200 ad
607 4137 709 4202 multo
730 4158 818 4204 uova
842 4151 1010 4228 veteraque
1029 4139 1221 4226 memplorio
1242 4133 1413 4238 ειιιιιιᾱιτδίυ1
